[{"amount": 0.00803, "trade-id": 102063026554, "ts": 1575619003794, "id": 10335630380658904426202, "price": 7365.96, "direction": "sell"}, {"amount": 0.13576, "trade-id": 102063026553, "ts": 1575619003415, "id": 10335630375558904425845, "price": 7365.99, "direction": "sell"}, {"amount": 0.075637, "trade-id": 102063026552, "ts": 1575619003334, "id": 10335630374658904424681, "price": 7367.47, "direction": "buy"}, {"amount": 0.03, "trade-id": 102063026551, "ts": 1575619003334, "id": 10335630374658904425814, "price": 7367.25, "direction": "buy"}, {"amount": 0.03, "trade-id": 102063026550, "ts": 1575619003334, "id": 10335630374658904425691, "price": 7366.95, "direction": "buy"}, {"amount": 0.002, "trade-id": 102063026549, "ts": 1575619002523, "id": 10335630357758904424556, "price": 7365.88, "direction": "sell"}, {"amount": 0.000694, "trade-id": 102063026548, "ts": 1575619002483, "id": 10335630356558904420990, "price": 7367.51, "direction": "buy"}, {"amount": 0.000161, "trade-id": 102063026547, "ts": 1575619002483, "id": 10335630356558904424488, "price": 7367.5, "direction": "buy"}, {"amount": 0.06456, "trade-id": 102063026546, "ts": 1575619002374, "id": 10335630354958904420990, "price": 7367.51, "direction": "buy"}, {"amount": 0.033669, "trade-id": 102063026545, "ts": 1575619002374, "id": 10335630354958904423984, "price": 7367.5, "direction": "buy"}, {"amount": 0.001, "trade-id": 102063026544, "ts": 1575619002374, "id": 10335630354958904363116, "price": 7367.27, "direction": "buy"}, {"amount": 0.001, "trade-id": 102063026543, "ts": 1575619002374, "id": 10335630354958904403243, "price": 7367.24, "direction": "buy"}, {"amount": 0.000728, "trade-id": 102063026542, "ts": 1575619002374, "id": 10335630354958904416574, "price": 7367.1, "direction": "buy"}, {"amount": 0.000161, "trade-id": 102063026541, "ts": 1575619002374, "id": 10335630354958904417061, "price": 7367.09, "direction": "buy"}, {"amount": 0.001, "trade-id": 102063026540, "ts": 1575619002374, "id": 10335630354958904417233, "price": 7367.07, "direction": "buy"}, {"amount": 0.01, "trade-id": 102063026539, "ts": 1575619002374, "id": 10335630354958904418982, "price": 7367.05, "direction": "buy"}, {"amount": 0.000516, "trade-id": 102063026538, "ts": 1575619002374, "id": 10335630354958904420009, "price": 7367.04, "direction": "buy"}, {"amount": 0.1, "trade-id": 102063026537, "ts": 1575619002374, "id": 10335630354958904423851, "price": 7367.03, "direction": "buy"}, {"amount": 0.000656, "trade-id": 102063026536, "ts": 1575619002374, "id": 10335630354958904421651, "price": 7367.01, "direction": "buy"}, {"amount": 0.125, "trade-id": 102063026535, "ts": 1575619002374, "id": 10335630354958904422973, "price": 7367.0, "direction": "buy"}, {"amount": 0.000666, "trade-id": 102063026534, "ts": 1575619002374, "id": 10335630354958904424221, "price": 7366.96, "direction": "buy"}, {"amount": 0.029334, "trade-id": 102063026533, "ts": 1575619002366, "id": 10335630354858904424221, "price": 7366.96, "direction": "buy"}, {"amount": 0.03, "trade-id": 102063026532, "ts": 1575619002366, "id": 10335630354858904424203, "price": 7366.96, "direction": "buy"}, {"amount": 0.03, "trade-id": 102063026531, "ts": 1575619002366, "id": 10335630354858904424185, "price": 7366.96, "direction": "buy"}, {"amount": 0.03, "trade-id": 102063026530, "ts": 1575619002366, "id": 10335630354858904424145, "price": 7366.96, "direction": "buy"}, {"amount": 0.03, "trade-id": 102063026529, "ts": 1575619002366, "id": 10335630354858904424045, "price": 7366.96, "direction": "buy"}, {"amount": 0.011703, "trade-id": 102063026528, "ts": 1575619002366, "id": 10335630354858904424006, "price": 7366.95, "direction": "buy"}, {"amount": 0.000555, "trade-id": 102063026527, "ts": 1575619002366, "id": 10335630354858904424018, "price": 7366.95, "direction": "buy"}, {"amount": 0.007686, "trade-id": 102063026526, "ts": 1575619002366, "id": 10335630354858904424009, "price": 7366.95, "direction": "buy"}, {"amount": 0.006035, "trade-id": 102063026525, "ts": 1575619002366, "id": 10335630354858904424000, "price": 7366.95, "direction": "buy"}, {"amount": 0.028061, "trade-id": 102063026524, "ts": 1575619002366, "id": 10335630354858904423985, "price": 7366.95, "direction": "buy"}, {"amount": 0.025, "trade-id": 102063026523, "ts": 1575618999940, "id": 10335630326158904421274, "price": 7365.85, "direction": "buy"}, {"amount": 0.004106, "trade-id": 102063026522, "ts": 1575618999800, "id": 10335630325658904420818, "price": 7367.03, "direction": "buy"}, {"amount": 0.002, "trade-id": 102063026521, "ts": 1575618999606, "id": 10335630324758904420968, "price": 7365.85, "direction": "buy"}, {"amount": 0.041578, "trade-id": 102063026520, "ts": 1575618998689, "id": 10335630315658904419901, "price": 7365.85, "direction": "sell"}, {"amount": 0.135474, "trade-id": 102063026519, "ts": 1575618997961, "id": 10335630305558904418486, "price": 7367.06, "direction": "buy"}, {"amount": 0.000161, "trade-id": 102063026518, "ts": 1575618997961, "id": 10335630305558904417863, "price": 7367.06, "direction": "buy"}, {"amount": 0.045669, "trade-id": 102063026517, "ts": 1575618997915, "id": 10335630304958904417743, "price": 7364.65, "direction": "sell"}, {"amount": 0.035299, "trade-id": 102063026516, "ts": 1575618997915, "id": 10335630304958904417744, "price": 7364.65, "direction": "sell"}, {"amount": 0.044357, "trade-id": 102063026515, "ts": 1575618997915, "id": 10335630304958904417746, "price": 7364.65, "direction": "sell"}, {"amount": 0.010459, "trade-id": 102063026514, "ts": 1575618997915, "id": 10335630304958904417749, "price": 7364.65, "direction": "sell"}, {"amount": 0.022499, "trade-id": 102063026513, "ts": 1575618997188, "id": 10335630298658904417749, "price": 7364.65, "direction": "sell"}, {"amount": 0.019807, "trade-id": 102063026512, "ts": 1575618997188, "id": 10335630298658904417720, "price": 7364.65, "direction": "sell"}, {"amount": 0.000409, "trade-id": 102063026511, "ts": 1575618996194, "id": 10335630278458904414880, "price": 7367.12, "direction": "buy"}, {"amount": 0.042693, "trade-id": 102063026510, "ts": 1575618996194, "id": 10335630278458904416323, "price": 7367.11, "direction": "buy"}, {"amount": 0.011715, "trade-id": 102063026509, "ts": 1575618996194, "id": 10335630278458904416247, "price": 7367.11, "direction": "buy"}, {"amount": 0.006392, "trade-id": 102063026508, "ts": 1575618996194, "id": 10335630278458904416244, "price": 7367.11, "direction": "buy"}, {"amount": 0.000161, "trade-id": 102063026507, "ts": 1575618996194, "id": 10335630278458904416079, "price": 7367.11, "direction": "buy"}, {"amount": 0.023649, "trade-id": 102063026506, "ts": 1575618995992, "id": 10335630271858904415376, "price": 7365.81, "direction": "buy"}, {"amount": 0.002716, "trade-id": 102063026505, "ts": 1575618995702, "id": 10335630268658904415376, "price": 7365.81, "direction": "buy"}, {"amount": 0.073635, "trade-id": 102063026504, "ts": 1575618995635, "id": 10335630267858904415376, "price": 7365.81, "direction": "buy"}, {"amount": 0.03, "trade-id": 102063026503, "ts": 1575618995635, "id": 10335630267858904415150, "price": 7365.2, "direction": "buy"}, {"amount": 0.002, "trade-id": 102063026502, "ts": 1575618995635, "id": 10335630267858904411048, "price": 7365.02, "direction": "buy"}, {"amount": 0.03, "trade-id": 102063026501, "ts": 1575618995635, "id": 10335630267858904415080, "price": 7364.9, "direction": "buy"}, {"amount": 0.271352, "trade-id": 102063026500, "ts": 1575618993839, "id": 10335630242758904412148, "price": 7364.8, "direction": "buy"}, {"amount": 0.005881, "trade-id": 102063026499, "ts": 1575618992818, "id": 10335630231058904411140, "price": 7364.85, "direction": "buy"}, {"amount": 0.002, "trade-id": 102063026498, "ts": 1575618992434, "id": 10335630227158904411027, "price": 7364.88, "direction": "buy"}, {"amount": 0.135791, "trade-id": 102063026497, "ts": 1575618992365, "id": 10335630225958904410567, "price": 7364.41, "direction": "sell"}, {"amount": 0.044033, "trade-id": 102063026496, "ts": 1575618990177, "id": 10335630193258904405148, "price": 7365.08, "direction": "sell"}, {"amount": 0.021182, "trade-id": 102063026495, "ts": 1575618990177, "id": 10335630193258904405073, "price": 7365.08, "direction": "sell"}, {"amount": 0.011281, "trade-id": 102063026494, "ts": 1575618990177, "id": 10335630193258904406293, "price": 7365.09, "direction": "sell"}, {"amount": 0.050378, "trade-id": 102063026493, "ts": 1575618987779, "id": 10335630167158904403213, "price": 7365.73, "direction": "buy"}, {"amount": 0.135777, "trade-id": 102063026492, "ts": 1575618986841, "id": 10335630158558904403385, "price": 7365.06, "direction": "sell"}, {"amount": 0.025246, "trade-id": 102063026491, "ts": 1575618986776, "id": 10335630157858904403252, "price": 7365.02, "direction": "sell"}, {"amount": 0.001, "trade-id": 102063026490, "ts": 1575618986776, "id": 10335630157858904403245, "price": 7365.03, "direction": "sell"}, {"amount": 0.13112729728012856, "trade-id": 102063026489, "ts": 1575618986608, "id": 10335630155758904397193, "price": 7367.26, "direction": "buy"}, {"amount": 0.3087, "trade-id": 102063026488, "ts": 1575618986608, "id": 10335630155758904403004, "price": 7367.25, "direction": "buy"}, {"amount": 0.1, "trade-id": 102063026487, "ts": 1575618986608, "id": 10335630155758904402969, "price": 7367.25, "direction": "buy"}, {"amount": 0.03, "trade-id": 102063026486, "ts": 1575618986608, "id": 10335630155758904401475, "price": 7365.32, "direction": "buy"}, {"amount": 0.03, "trade-id": 102063026485, "ts": 1575618986608, "id": 10335630155758904401409, "price": 7365.02, "direction": "buy"}, {"amount": 0.000142, "trade-id": 102063026484, "ts": 1575618986608, "id": 10335630155758904383971, "price": 7365.02, "direction": "buy"}, {"amount": 0.077161, "trade-id": 102063026483, "ts": 1575618984840, "id": 10335630135658904383971, "price": 7365.02, "direction": "buy"}, {"amount": 0.02, "trade-id": 102063026482, "ts": 1575618981957, "id": 10335630104458904383971, "price": 7365.02, "direction": "buy"}, {"amount": 0.02, "trade-id": 102063026481, "ts": 1575618981952, "id": 10335630104258904383971, "price": 7365.02, "direction": "buy"}, {"amount": 0.13577, "trade-id": 102063026480, "ts": 1575618981328, "id": 10335630099758904390136, "price": 7365.01, "direction": "sell"}, {"amount": 7e-06, "trade-id": 102063026479, "ts": 1575618981328, "id": 10335630099758904388768, "price": 7365.01, "direction": "sell"}, {"amount": 0.029658, "trade-id": 102063026478, "ts": 1575618979941, "id": 10335630084058904383971, "price": 7365.02, "direction": "buy"}, {"amount": 0.000161, "trade-id": 102063026477, "ts": 1575618976148, "id": 10335630039758904387598, "price": 7365.01, "direction": "buy"}, {"amount": 0.135782, "trade-id": 102063026476, "ts": 1575618975797, "id": 10335630034858904388266, "price": 7364.82, "direction": "sell"}, {"amount": 0.007839, "trade-id": 102063026475, "ts": 1575618974898, "id": 10335630020458904383971, "price": 7365.02, "direction": "buy"}, {"amount": 0.000161, "trade-id": 102063026474, "ts": 1575618974898, "id": 10335630020458904386843, "price": 7365.01, "direction": "buy"}, {"amount": 0.262187, "trade-id": 102063026473, "ts": 1575618971815, "id": 10335629985058904381504, "price": 7365.2, "direction": "buy"}, {"amount": 0.007515, "trade-id": 102063026472, "ts": 1575618971815, "id": 10335629985058904381518, "price": 7365.2, "direction": "buy"}, {"amount": 0.000904, "trade-id": 102063026471, "ts": 1575618971815, "id": 10335629985058904381509, "price": 7365.2, "direction": "buy"}, {"amount": 0.000733, "trade-id": 102063026470, "ts": 1575618971815, "id": 10335629985058904381512, "price": 7365.2, "direction": "buy"}, {"amount": 0.016733, "trade-id": 102063026469, "ts": 1575618970728, "id": 10335629972758904380914, "price": 7365.24, "direction": "buy"}, {"amount": 0.135777, "trade-id": 102063026468, "ts": 1575618970271, "id": 10335629965258904372414, "price": 7364.23, "direction": "sell"}, {"amount": 0.037, "trade-id": 102063026467, "ts": 1575618970211, "id": 10335629964658904343139, "price": 7364.96, "direction": "sell"}, {"amount": 0.000217, "trade-id": 102063026466, "ts": 1575618970211, "id": 10335629964658904374216, "price": 7364.99, "direction": "sell"}, {"amount": 0.001, "trade-id": 102063026465, "ts": 1575618970211, "id": 10335629964658904377656, "price": 7365.01, "direction": "sell"}, {"amount": 0.001, "trade-id": 102063026464, "ts": 1575618970211, "id": 10335629964658904378327, "price": 7365.02, "direction": "sell"}, {"amount": 0.003356, "trade-id": 102063026463, "ts": 1575618970211, "id": 10335629964658904379633, "price": 7365.03, "direction": "sell"}, {"amount": 4.217913, "trade-id": 102063026462, "ts": 1575618970194, "id": 10335629964558904379961, "price": 7367.0, "direction": "sell"}, {"amount": 0.1, "trade-id": 102063026461, "ts": 1575618970191, "id": 10335629963658904379961, "price": 7367.0, "direction": "sell"}, {"amount": 0.306587, "trade-id": 102063026460, "ts": 1575618970184, "id": 10335629963258904379961, "price": 7367.0, "direction": "sell"}, {"amount": 0.141953, "trade-id": 102063026459, "ts": 1575618970128, "id": 10335629961758904366999, "price": 7366.79, "direction": "buy"}, {"amount": 0.1999, "trade-id": 102063026458, "ts": 1575618970128, "id": 10335629961758904379963, "price": 7366.78, "direction": "buy"}, {"amount": 0.002, "trade-id": 102063026457, "ts": 1575618970128, "id": 10335629961758904371745, "price": 7365.75, "direction": "buy"}, {"amount": 0.000217, "trade-id": 102063026456, "ts": 1575618970128, "id": 10335629961758904373152, "price": 7365.39, "direction": "buy"}, {"amount": 0.03, "trade-id": 102063026455, "ts": 1575618970128, "id": 10335629961758904375463, "price": 7365.35, "direction": "buy"}, {"amount": 0.000215, "trade-id": 102063026454, "ts": 1575618970128, "id": 10335629961758904377249, "price": 7365.33, "direction": "buy"}, {"amount": 0.001, "trade-id": 102063026453, "ts": 1575618970128, "id": 10335629961758904377639, "price": 7365.3, "direction": "buy"}, {"amount": 0.000215, "trade-id": 102063026452, "ts": 1575618970128, "id": 10335629961758904378370, "price": 7365.29, "direction": "buy"}, {"amount": 0.019785, "trade-id": 102063026451, "ts": 1575618968076, "id": 10335629932358904374454, "price": 7365.34, "direction": "buy"}, {"amount": 0.000215, "trade-id": 102063026450, "ts": 1575618968076, "id": 10335629932358904375494, "price": 7365.33, "direction": "buy"}, {"amount": 0.142718, "trade-id": 102063026449, "ts": 1575618966027, "id": 10335629906258904373244, "price": 7365.35, "direction": "buy"}, {"amount": 0.00562, "trade-id": 102063026448, "ts": 1575618965299, "id": 10335629895558904369995, "price": 7364.98, "direction": "sell"}, {"amount": 0.000217, "trade-id": 102063026447, "ts": 1575618965299, "id": 10335629895558904373041, "price": 7364.99, "direction": "sell"}, {"amount": 0.135561, "trade-id": 102063026446, "ts": 1575618964751, "id": 10335629887558904369995, "price": 7364.98, "direction": "sell"}, {"amount": 0.000217, "trade-id": 102063026445, "ts": 1575618964751, "id": 10335629887558904371679, "price": 7364.99, "direction": "sell"}, {"amount": 0.002, "trade-id": 102063026444, "ts": 1575618964428, "id": 10335629884858904371505, "price": 7365.41, "direction": "buy"}, {"amount": 0.003865, "trade-id": 102063026443, "ts": 1575618963076, "id": 10335629861358904369091, "price": 7364.97, "direction": "sell"}, {"amount": 0.002, "trade-id": 102063026442, "ts": 1575618962429, "id": 10335629848558904368751, "price": 7366.6, "direction": "buy"}, {"amount": 0.001, "trade-id": 102063026441, "ts": 1575618962157, "id": 10335629840758904363114, "price": 7366.41, "direction": "sell"}, {"amount": 0.001, "trade-id": 102063026440, "ts": 1575618962157, "id": 10335629840758904366185, "price": 7366.42, "direction": "sell"}, {"amount": 0.001, "trade-id": 102063026439, "ts": 1575618962157, "id": 10335629840758904368302, "price": 7366.44, "direction": "sell"}, {"amount": 0.001, "trade-id": 102063026438, "ts": 1575618962094, "id": 10335629838258904367022, "price": 7366.43, "direction": "sell"}, {"amount": 0.002, "trade-id": 102063026437, "ts": 1575618960634, "id": 10335629820758904366059, "price": 7366.86, "direction": "buy"}, {"amount": 0.135751, "trade-id": 102063026436, "ts": 1575618959218, "id": 10335629801358904364136, "price": 7366.46, "direction": "sell"}, {"amount": 0.000168, "trade-id": 102063026435, "ts": 1575618956127, "id": 10335629768158904358416, "price": 7367.29, "direction": "buy"}, {"amount": 0.005307, "trade-id": 102063026434, "ts": 1575618955477, "id": 10335629756758904359425, "price": 7366.79, "direction": "sell"}, {"amount": 0.135752, "trade-id": 102063026433, "ts": 1575618953700, "id": 10335629727058904356023, "price": 7366.36, "direction": "sell"}, {"amount": 0.001810726007244478, "trade-id": 102063026432, "ts": 1575618951735, "id": 10335629694458904352605, "price": 7368.37, "direction": "buy"}, {"amount": 0.030284, "trade-id": 102063026431, "ts": 1575618951735, "id": 10335629694458904352585, "price": 7368.37, "direction": "buy"}, {"amount": 0.271223, "trade-id": 102063026430, "ts": 1575618951735, "id": 10335629694458904348426, "price": 7368.19, "direction": "buy"}, {"amount": 0.8868, "trade-id": 102063026429, "ts": 1575618951735, "id": 10335629694458904347662, "price": 7367.62, "direction": "buy"}, {"amount": 0.1, "trade-id": 102063026428, "ts": 1575618951735, "id": 10335629694458904352991, "price": 7367.56, "direction": "buy"}, {"amount": 0.0271, "trade-id": 102063026427, "ts": 1575618951735, "id": 10335629694458904180886, "price": 7367.34, "direction": "buy"}, {"amount": 0.03, "trade-id": 102063026426, "ts": 1575618951735, "id": 10335629694458904351220, "price": 7367.12, "direction": "buy"}, {"amount": 0.000531, "trade-id": 102063026425, "ts": 1575618951735, "id": 10335629694458904350865, "price": 7367.12, "direction": "buy"}, {"amount": 0.009522, "trade-id": 102063026424, "ts": 1575618951735, "id": 10335629694458904350833, "price": 7367.12, "direction": "buy"}, {"amount": 0.000478, "trade-id": 102063026423, "ts": 1575618951571, "id": 10335629692258904350833, "price": 7367.12, "direction": "buy"}, {"amount": 0.002, "trade-id": 102063026422, "ts": 1575618951571, "id": 10335629692258904351907, "price": 7367.08, "direction": "buy"}, {"amount": 0.002, "trade-id": 102063026421, "ts": 1575618950758, "id": 10335629679158904351636, "price": 7366.79, "direction": "buy"}, {"amount": 0.012523, "trade-id": 102063026420, "ts": 1575618950635, "id": 10335629677358904351636, "price": 7366.79, "direction": "buy"}, {"amount": 0.013526, "trade-id": 102063026419, "ts": 1575618950389, "id": 10335629670558904351183, "price": 7366.82, "direction": "buy"}, {"amount": 1.608275, "trade-id": 102063026418, "ts": 1575618950072, "id": 10335629663858904349578, "price": 7367.0, "direction": "sell"}, {"amount": 0.143164, "trade-id": 102063026417, "ts": 1575618950054, "id": 10335629662858904349949, "price": 7367.04, "direction": "sell"}, {"amount": 1.527063, "trade-id": 102063026416, "ts": 1575618949940, "id": 10335629659858904350246, "price": 7367.07, "direction": "sell"}, {"amount": 0.0002, "trade-id": 102063026415, "ts": 1575618949167, "id": 10335629644958904349111, "price": 7366.93, "direction": "buy"}, {"amount": 1.864362, "trade-id": 102063026414, "ts": 1575618949167, "id": 10335629644958904349493, "price": 7366.89, "direction": "buy"}, {"amount": 1.527163, "trade-id": 102063026413, "ts": 1575618949167, "id": 10335629644958904349532, "price": 7366.86, "direction": "buy"}, {"amount": 0.005988, "trade-id": 102063026412, "ts": 1575618948178, "id": 10335629626158904346576, "price": 7366.29, "direction": "sell"}, {"amount": 0.033675, "trade-id": 102063026411, "ts": 1575618948178, "id": 10335629626158904347851, "price": 7366.3, "direction": "sell"}, {"amount": 0.031791, "trade-id": 102063026410, "ts": 1575618948178, "id": 10335629626158904347819, "price": 7366.3, "direction": "sell"}, {"amount": 0.025876, "trade-id": 102063026409, "ts": 1575618948178, "id": 10335629626158904347822, "price": 7366.3, "direction": "sell"}, {"amount": 0.033169, "trade-id": 102063026408, "ts": 1575618948178, "id": 10335629626158904347804, "price": 7366.3, "direction": "sell"}, {"amount": 0.005245, "trade-id": 102063026407, "ts": 1575618948178, "id": 10335629626158904346808, "price": 7366.83, "direction": "sell"}, {"amount": 0.002454, "trade-id": 102063026406, "ts": 1575618947885, "id": 10335629619758904346853, "price": 7367.02, "direction": "buy"}, {"amount": 6.1e-05, "trade-id": 102063026405, "ts": 1575618947885, "id": 10335629619758904343912, "price": 7366.86, "direction": "buy"}, {"amount": 0.0002, "trade-id": 102063026404, "ts": 1575618947885, "id": 10335629619758904347502, "price": 7366.85, "direction": "buy"}, {"amount": 0.003257, "trade-id": 102063026403, "ts": 1575618947878, "id": 10335629619658904346808, "price": 7366.83, "direction": "sell"}, {"amount": 0.029939, "trade-id": 102063026402, "ts": 1575618947756, "id": 10335629618058904343912, "price": 7366.86, "direction": "buy"}, {"amount": 0.079661, "trade-id": 102063026401, "ts": 1575618947756, "id": 10335629618058904342208, "price": 7366.86, "direction": "buy"}, {"amount": 0.001, "trade-id": 102063026400, "ts": 1575618947756, "id": 10335629618058904345984, "price": 7366.84, "direction": "buy"}, {"amount": 0.057418, "trade-id": 102063026399, "ts": 1575618946840, "id": 10335629602958904346065, "price": 7366.3, "direction": "sell"}, {"amount": 0.0692, "trade-id": 102063026398, "ts": 1575618946840, "id": 10335629602958904345974, "price": 7366.59, "direction": "sell"}, {"amount": 0.170046, "trade-id": 102063026397, "ts": 1575618946840, "id": 10335629602958904345025, "price": 7366.59, "direction": "sell"}, {"amount": 0.001168, "trade-id": 102063026396, "ts": 1575618946840, "id": 10335629602958904345029, "price": 7366.59, "direction": "sell"}, {"amount": 0.001168, "trade-id": 102063026395, "ts": 1575618946840, "id": 10335629602958904345005, "price": 7366.59, "direction": "sell"}, {"amount": 0.001, "trade-id": 102063026394, "ts": 1575618946840, "id": 10335629602958904345967, "price": 7366.61, "direction": "sell"}, {"amount": 0.000152, "trade-id": 102063026393, "ts": 1575618946011, "id": 10335629584058904343695, "price": 7366.6, "direction": "buy"}, {"amount": 0.000152, "trade-id": 102063026392, "ts": 1575618945988, "id": 10335629583258904343695, "price": 7366.6, "direction": "buy"}, {"amount": 0.000261, "trade-id": 102063026391, "ts": 1575618945880, "id": 10335629581758904344529, "price": 7366.27, "direction": "sell"}, {"amount": 0.000339, "trade-id": 102063026390, "ts": 1575618944989, "id": 10335629568058904342208, "price": 7366.86, "direction": "buy"}, {"amount": 0.087707, "trade-id": 102063026389, "ts": 1575618944372, "id": 10335629556358904334525, "price": 7366.32, "direction": "buy"}, {"amount": 0.03, "trade-id": 102063026388, "ts": 1575618944372, "id": 10335629556358904342389, "price": 7366.3, "direction": "buy"}, {"amount": 0.002294, "trade-id": 102063026387, "ts": 1575618944372, "id": 10335629556358904337478, "price": 7366.22, "direction": "buy"}, {"amount": 0.063269, "trade-id": 102063026386, "ts": 1575618944372, "id": 10335629556358903769421, "price": 7366.0, "direction": "buy"}, {"amount": 0.129997, "trade-id": 102063026385, "ts": 1575618944212, "id": 10335629553358903769421, "price": 7366.0, "direction": "buy"}, {"amount": 0.508149, "trade-id": 102063026384, "ts": 1575618944212, "id": 10335629553258903769421, "price": 7366.0, "direction": "buy"}, {"amount": 0.180431, "trade-id": 102063026383, "ts": 1575618944206, "id": 10335629553058903769421, "price": 7366.0, "direction": "buy"}, {"amount": 0.129997, "trade-id": 102063026382, "ts": 1575618943995, "id": 10335629547458903769421, "price": 7366.0, "direction": "buy"}, {"amount": 0.053965, "trade-id": 102063026381, "ts": 1575618943993, "id": 10335629547358903769421, "price": 7366.0, "direction": "buy"}, {"amount": 0.001, "trade-id": 102063026380, "ts": 1575618943993, "id": 10335629547358904331654, "price": 7365.94, "direction": "buy"}, {"amount": 0.03, "trade-id": 102063026379, "ts": 1575618943993, "id": 10335629547358904335431, "price": 7365.87, "direction": "buy"}, {"amount": 0.03, "trade-id": 102063026378, "ts": 1575618943993, "id": 10335629547358904335388, "price": 7365.87, "direction": "buy"}, {"amount": 0.03, "trade-id": 102063026377, "ts": 1575618943993, "id": 10335629547358904335303, "price": 7365.87, "direction": "buy"}, {"amount": 0.015032, "trade-id": 102063026376, "ts": 1575618943993, "id": 10335629547358904335300, "price": 7365.87, "direction": "buy"}, {"amount": 0.006775, "trade-id": 102063026375, "ts": 1575618943973, "id": 10335629547258904335300, "price": 7365.87, "direction": "buy"}, {"amount": 0.008193, "trade-id": 102063026374, "ts": 1575618943947, "id": 10335629546758904335300, "price": 7365.87, "direction": "buy"}, {"amount": 0.0346, "trade-id": 102063026373, "ts": 1575618943947, "id": 10335629546758904339966, "price": 7365.82, "direction": "buy"}, {"amount": 0.135782, "trade-id": 102063026372, "ts": 1575618942663, "id": 10335629532058904340522, "price": 7364.81, "direction": "sell"}, {"amount": 0.01999, "trade-id": 102063026371, "ts": 1575618942152, "id": 10335629527358904335276, "price": 7365.87, "direction": "buy"}, {"amount": 0.011752, "trade-id": 102063026370, "ts": 1575618942152, "id": 10335629527358904335759, "price": 7365.85, "direction": "buy"}, {"amount": 0.0346, "trade-id": 102063026369, "ts": 1575618942152, "id": 10335629527358904335905, "price": 7365.83, "direction": "buy"}, {"amount": 0.0346, "trade-id": 102063026368, "ts": 1575618942152, "id": 10335629527358904338685, "price": 7365.82, "direction": "buy"}, {"amount": 0.034716, "trade-id": 102063026367, "ts": 1575618942152, "id": 10335629527358904338431, "price": 7365.82, "direction": "buy"}, {"amount": 0.002, "trade-id": 102063026366, "ts": 1575618939437, "id": 10335629492158904336184, "price": 7365.14, "direction": "sell"}, {"amount": 0.000168, "trade-id": 102063026365, "ts": 1575618939155, "id": 10335629487358904335648, "price": 7365.83, "direction": "buy"}, {"amount": 0.000153, "trade-id": 102063026364, "ts": 1575618939149, "id": 10335629487158904335648, "price": 7365.83, "direction": "buy"}, {"amount": 0.013545, "trade-id": 102063026363, "ts": 1575618938752, "id": 10335629477058904333945, "price": 7365.86, "direction": "buy"}, {"amount": 0.026128, "trade-id": 102063026362, "ts": 1575618938752, "id": 10335629477058904333948, "price": 7365.86, "direction": "buy"}, {"amount": 0.019106, "trade-id": 102063026361, "ts": 1575618938752, "id": 10335629477058904333940, "price": 7365.86, "direction": "buy"}, {"amount": 0.271317, "trade-id": 102063026360, "ts": 1575618938587, "id": 10335629473658904334656, "price": 7365.79, "direction": "buy"}, {"amount": 0.011551, "trade-id": 102063026359, "ts": 1575618937138, "id": 10335629449758904328711, "price": 7364.2, "direction": "sell"}, {"amount": 0.01, "trade-id": 102063026358, "ts": 1575618937138, "id": 10335629449758904327448, "price": 7364.22, "direction": "sell"}, {"amount": 0.01, "trade-id": 102063026357, "ts": 1575618937138, "id": 10335629449758904328397, "price": 7364.25, "direction": "sell"}, {"amount": 0.01, "trade-id": 102063026356, "ts": 1575618937138, "id": 10335629449758904329266, "price": 7364.34, "direction": "sell"}, {"amount": 0.045805, "trade-id": 102063026355, "ts": 1575618937138, "id": 10335629449758904332625, "price": 7364.41, "direction": "sell"}, {"amount": 0.046432, "trade-id": 102063026354, "ts": 1575618937138, "id": 10335629449758904332650, "price": 7364.41, "direction": "sell"}, {"amount": 0.001, "trade-id": 102063026353, "ts": 1575618937138, "id": 10335629449758904331663, "price": 7364.42, "direction": "sell"}, {"amount": 0.001, "trade-id": 102063026352, "ts": 1575618937138, "id": 10335629449758904332712, "price": 7364.43, "direction": "sell"}, {"amount": 0.002, "trade-id": 102063026351, "ts": 1575618936526, "id": 10335629444258904331889, "price": 7365.18, "direction": "sell"}, {"amount": 0.002, "trade-id": 102063026350, "ts": 1575618935455, "id": 10335629432458904330506, "price": 7365.15, "direction": "sell"}, {"amount": 0.894484, "trade-id": 102063026349, "ts": 1575618934832, "id": 10335629423058904328659, "price": 7365.98, "direction": "buy"}, {"amount": 0.000717, "trade-id": 102063026348, "ts": 1575618934832, "id": 10335629423058904328673, "price": 7365.98, "direction": "buy"}, {"amount": 0.00536, "trade-id": 102063026347, "ts": 1575618934832, "id": 10335629423058904328667, "price": 7365.98, "direction": "buy"}, {"amount": 0.007693, "trade-id": 102063026346, "ts": 1575618934832, "id": 10335629423058904328669, "price": 7365.98, "direction": "buy"}, {"amount": 0.000868, "trade-id": 102063026345, "ts": 1575618934832, "id": 10335629423058904328661, "price": 7365.98, "direction": "buy"}, {"amount": 0.011966, "trade-id": 102063026344, "ts": 1575618934271, "id": 10335629418858904328956, "price": 7365.15, "direction": "buy"}, {"amount": 0.314463, "trade-id": 102063026343, "ts": 1575618933787, "id": 10335629407058903769421, "price": 7366.0, "direction": "buy"}, {"amount": 0.000167, "trade-id": 102063026342, "ts": 1575618933787, "id": 10335629407058904327219, "price": 7365.99, "direction": "buy"}, {"amount": 0.0457, "trade-id": 102063026341, "ts": 1575618933787, "id": 10335629407058904327255, "price": 7365.99, "direction": "buy"}, {"amount": 0.046757, "trade-id": 102063026340, "ts": 1575618933787, "id": 10335629407058904327215, "price": 7365.99, "direction": "buy"}, {"amount": 1.390777, "trade-id": 102063026339, "ts": 1575618932591, "id": 10335629390158903769421, "price": 7366.0, "direction": "buy"}, {"amount": 0.03, "trade-id": 102063026338, "ts": 1575618932591, "id": 10335629390158904323533, "price": 7365.99, "direction": "buy"}, {"amount": 0.03, "trade-id": 102063026337, "ts": 1575618932591, "id": 10335629390158904323410, "price": 7365.99, "direction": "buy"}, {"amount": 0.03, "trade-id": 102063026336, "ts": 1575618932591, "id": 10335629390158904323369, "price": 7365.99, "direction": "buy"}, {"amount": 0.03, "trade-id": 102063026335, "ts": 1575618932591, "id": 10335629390158904323306, "price": 7365.99, "direction": "buy"}, {"amount": 0.01, "trade-id": 102063026334, "ts": 1575618932591, "id": 10335629390158904321354, "price": 7365.99, "direction": "buy"}, {"amount": 0.4575, "trade-id": 102063026333, "ts": 1575618932591, "id": 10335629390158904325862, "price": 7365.98, "direction": "buy"}, {"amount": 0.01, "trade-id": 102063026332, "ts": 1575618932591, "id": 10335629390158904322835, "price": 7365.98, "direction": "buy"}, {"amount": 0.8838, "trade-id": 102063026331, "ts": 1575618932591, "id": 10335629390158904324486, "price": 7365.97, "direction": "buy"}, {"amount": 0.047814, "trade-id": 102063026330, "ts": 1575618932591, "id": 10335629390158904325922, "price": 7365.96, "direction": "buy"}, {"amount": 0.000467, "trade-id": 102063026329, "ts": 1575618932591, "id": 10335629390158904325911, "price": 7365.96, "direction": "buy"}, {"amount": 0.034485, "trade-id": 102063026328, "ts": 1575618932591, "id": 10335629390158904325940, "price": 7365.96, "direction": "buy"}, {"amount": 0.000834, "trade-id": 102063026327, "ts": 1575618932591, "id": 10335629390158904325905, "price": 7365.96, "direction": "buy"}, {"amount": 0.029296, "trade-id": 102063026326, "ts": 1575618932591, "id": 10335629390158904325903, "price": 7365.96, "direction": "buy"}, {"amount": 0.015027, "trade-id": 102063026325, "ts": 1575618932591, "id": 10335629390158904325898, "price": 7365.96, "direction": "buy"}, {"amount": 2.0, "trade-id": 102063026324, "ts": 1575618932591, "id": 10335629390158904326601, "price": 7365.95, "direction": "buy"}, {"amount": 0.0001, "trade-id": 102063026323, "ts": 1575618932468, "id": 10335629389558904325916, "price": 7364.14, "direction": "sell"}, {"amount": 0.001365188902479917, "trade-id": 102063026322, "ts": 1575618931871, "id": 10335629381658904324546, "price": 7365.97, "direction": "buy"}, {"amount": 0.00135, "trade-id": 102063026321, "ts": 1575618931871, "id": 10335629381658904324461, "price": 7365.97, "direction": "buy"}, {"amount": 0.031848, "trade-id": 102063026320, "ts": 1575618931614, "id": 10335629379158904324492, "price": 7364.13, "direction": "sell"}, {"amount": 0.014178, "trade-id": 102063026319, "ts": 1575618931614, "id": 10335629379158904324481, "price": 7364.13, "direction": "sell"}, {"amount": 0.000415, "trade-id": 102063026318, "ts": 1575618931614, "id": 10335629379158904324442, "price": 7364.13, "direction": "sell"}, {"amount": 0.045846, "trade-id": 102063026317, "ts": 1575618931614, "id": 10335629379158904324462, "price": 7364.13, "direction": "sell"}, {"amount": 0.014975, "trade-id": 102063026316, "ts": 1575618931614, "id": 10335629379158904324450, "price": 7364.13, "direction": "sell"}, {"amount": 0.028531, "trade-id": 102063026315, "ts": 1575618931614, "id": 10335629379158904324464, "price": 7364.13, "direction": "sell"}, {"amount": 0.528925, "trade-id": 102063026314, "ts": 1575618929173, "id": 10335629329858903769421, "price": 7366.0, "direction": "buy"}, {"amount": 0.2, "trade-id": 102063026313, "ts": 1575618929173, "id": 10335629329858904321116, "price": 7365.98, "direction": "buy"}, {"amount": 0.025, "trade-id": 102063026312, "ts": 1575618929173, "id": 10335629329858904143238, "price": 7365.0, "direction": "buy"}, {"amount": 0.02, "trade-id": 102063026311, "ts": 1575618929173, "id": 10335629329858904058679, "price": 7364.98, "direction": "buy"}, {"amount": 0.08, "trade-id": 102063026310, "ts": 1575618929173, "id": 10335629329858904306149, "price": 7364.94, "direction": "buy"}, {"amount": 0.166335, "trade-id": 102063026309, "ts": 1575618929173, "id": 10335629329858904081428, "price": 7364.58, "direction": "buy"}, {"amount": 0.001, "trade-id": 102063026308, "ts": 1575618929173, "id": 10335629329858904316812, "price": 7364.52, "direction": "buy"}, {"amount": 0.004587, "trade-id": 102063026307, "ts": 1575618929173, "id": 10335629329858904320833, "price": 7364.49, "direction": "buy"}, {"amount": 0.03, "trade-id": 102063026306, "ts": 1575618929173, "id": 10335629329858904319200, "price": 7364.45, "direction": "buy"}, {"amount": 0.03, "trade-id": 102063026305, "ts": 1575618929173, "id": 10335629329858904318236, "price": 7364.45, "direction": "buy"}, {"amount": 0.064997, "trade-id": 102063026304, "ts": 1575618929111, "id": 10335629327558904318152, "price": 7364.44, "direction": "buy"}, {"amount": 0.03, "trade-id": 102063026303, "ts": 1575618929089, "id": 10335629326358904319603, "price": 7364.4, "direction": "buy"}, {"amount": 0.038636, "trade-id": 102063026302, "ts": 1575618929089, "id": 10335629326358904320072, "price": 7364.09, "direction": "buy"}, {"amount": 0.003447, "trade-id": 102063026301, "ts": 1575618929089, "id": 10335629326358904320075, "price": 7364.09, "direction": "buy"}, {"amount": 0.015147, "trade-id": 102063026300, "ts": 1575618929089, "id": 10335629326358904319493, "price": 7364.09, "direction": "buy"}, {"amount": 0.002, "trade-id": 102063026299, "ts": 1575618928930, "id": 10335629320858904320559, "price": 7363.32, "direction": "buy"}, {"amount": 0.002, "trade-id": 102063026298, "ts": 1575618928876, "id": 10335629318958904320551, "price": 7363.32, "direction": "buy"}, {"amount": 0.135317, "trade-id": 102063026297, "ts": 1575618928431, "id": 10335629308458904319944, "price": 7364.02, "direction": "buy"}, {"amount": 0.01458, "trade-id": 102063026296, "ts": 1575618927973, "id": 10335629298758904319255, "price": 7363.97, "direction": "sell"}, {"amount": 0.001, "trade-id": 102063026295, "ts": 1575618927147, "id": 10335629289258904316844, "price": 7363.04, "direction": "sell"}, {"amount": 0.000168, "trade-id": 102063026294, "ts": 1575618926926, "id": 10335629283558904316904, "price": 7364.48, "direction": "buy"}, {"amount": 0.044841, "trade-id": 102063026293, "ts": 1575618926075, "id": 10335629274758904315097, "price": 7363.02, "direction": "sell"}, {"amount": 0.037437, "trade-id": 102063026292, "ts": 1575618926075, "id": 10335629274758904316611, "price": 7363.03, "direction": "sell"}, {"amount": 0.030405, "trade-id": 102063026291, "ts": 1575618926075, "id": 10335629274758904316608, "price": 7363.03, "direction": "sell"}, {"amount": 0.007123, "trade-id": 102063026290, "ts": 1575618926075, "id": 10335629274758904315328, "price": 7363.03, "direction": "sell"}, {"amount": 0.015804, "trade-id": 102063026289, "ts": 1575618926075, "id": 10335629274758904315323, "price": 7363.03, "direction": "sell"}, {"amount": 0.000168, "trade-id": 102063026288, "ts": 1575618926075, "id": 10335629274758904308563, "price": 7364.52, "direction": "sell"}, {"amount": 8e-06, "trade-id": 102063026287, "ts": 1575618926075, "id": 10335629274758904310179, "price": 7364.53, "direction": "sell"}, {"amount": 0.000168, "trade-id": 102063026286, "ts": 1575618923885, "id": 10335629248058904312354, "price": 7364.54, "direction": "buy"}, {"amount": 0.00016, "trade-id": 102063026285, "ts": 1575618922144, "id": 10335629229758904310179, "price": 7364.53, "direction": "sell"}, {"amount": 0.036905, "trade-id": 102063026284, "ts": 1575618920707, "id": 10335629204558904307509, "price": 7362.08, "direction": "sell"}, {"amount": 0.00782, "trade-id": 102063026283, "ts": 1575618920707, "id": 10335629204558904307508, "price": 7362.08, "direction": "sell"}, {"amount": 0.310008, "trade-id": 102063026282, "ts": 1575618920706, "id": 10335629204458904081428, "price": 7364.58, "direction": "buy"}, {"amount": 0.9595, "trade-id": 102063026281, "ts": 1575618920706, "id": 10335629204458904305722, "price": 7364.57, "direction": "buy"}, {"amount": 1.728722, "trade-id": 102063026280, "ts": 1575618920706, "id": 10335629204458904305646, "price": 7364.57, "direction": "buy"}, {"amount": 0.000524, "trade-id": 102063026279, "ts": 1575618920706, "id": 10335629204458904308358, "price": 7364.51, "direction": "buy"}, {"amount": 0.001246, "trade-id": 102063026278, "ts": 1575618920706, "id": 10335629204458904307752, "price": 7364.51, "direction": "buy"}, {"amount": 2.0, "trade-id": 102063026277, "ts": 1575618920706, "id": 10335629204458904307710, "price": 7364.51, "direction": "buy"}, {"amount": 0.035813, "trade-id": 102063026276, "ts": 1575618920565, "id": 10335629201858904307508, "price": 7362.08, "direction": "sell"}, {"amount": 0.1, "trade-id": 102063026275, "ts": 1575618920565, "id": 10335629201858904307533, "price": 7363.07, "direction": "sell"}, {"amount": 0.002, "trade-id": 102063026274, "ts": 1575618920404, "id": 10335629198458904307730, "price": 7363.92, "direction": "buy"}, {"amount": 0.542893, "trade-id": 102063026273, "ts": 1575618920085, "id": 10335629190858904306943, "price": 7364.52, "direction": "buy"}, {"amount": 0.1, "trade-id": 102063026272, "ts": 1575618919355, "id": 10335629185958904305068, "price": 7363.07, "direction": "sell"}, {"amount": 0.000153, "trade-id": 102063026271, "ts": 1575618919355, "id": 10335629185958904304352, "price": 7363.25, "direction": "sell"}, {"amount": 0.000168, "trade-id": 102063026270, "ts": 1575618919355, "id": 10335629185958904304046, "price": 7363.25, "direction": "sell"}, {"amount": 0.000321, "trade-id": 102063026269, "ts": 1575618919355, "id": 10335629185958904304442, "price": 7363.26, "direction": "sell"}, {"amount": 0.000168, "trade-id": 102063026268, "ts": 1575618919355, "id": 10335629185958904305662, "price": 7363.27, "direction": "sell"}, {"amount": 0.271278, "trade-id": 102063026267, "ts": 1575618919323, "id": 10335629185758904305646, "price": 7364.57, "direction": "buy"}, {"amount": 0.000168, "trade-id": 102063026266, "ts": 1575618919323, "id": 10335629185758904306413, "price": 7364.56, "direction": "buy"}, {"amount": 0.115207, "trade-id": 102063026265, "ts": 1575618918685, "id": 10335629179758904081428, "price": 7364.58, "direction": "buy"}, {"amount": 0.019524, "trade-id": 102063026264, "ts": 1575618918685, "id": 10335629179758904155299, "price": 7363.31, "direction": "buy"}, {"amount": 0.001, "trade-id": 102063026263, "ts": 1575618918685, "id": 10335629179758904298688, "price": 7363.27, "direction": "buy"}, {"amount": 0.678655, "trade-id": 102063026262, "ts": 1575618915779, "id": 10335629145458904300962, "price": 7363.2, "direction": "buy"}, {"amount": 0.000168, "trade-id": 102063026261, "ts": 1575618915641, "id": 10335629144958904300962, "price": 7363.2, "direction": "buy"}, {"amount": 0.015122, "trade-id": 102063026260, "ts": 1575618915036, "id": 10335629136458904293207, "price": 7362.03, "direction": "sell"}, {"amount": 0.008925, "trade-id": 102063026259, "ts": 1575618915036, "id": 10335629136458904295437, "price": 7362.04, "direction": "sell"}, {"amount": 0.01, "trade-id": 102063026258, "ts": 1575618915036, "id": 10335629136458904293787, "price": 7362.04, "direction": "sell"}, {"amount": 0.000142, "trade-id": 102063026257, "ts": 1575618915036, "id": 10335629136458904295317, "price": 7362.07, "direction": "sell"}, {"amount": 0.000142, "trade-id": 102063026256, "ts": 1575618915036, "id": 10335629136458904294321, "price": 7362.07, "direction": "sell"}, {"amount": 0.000142, "trade-id": 102063026255, "ts": 1575618915036, "id": 10335629136458904296431, "price": 7362.1, "direction": "sell"}, {"amount": 0.001, "trade-id": 102063026254, "ts": 1575618915036, "id": 10335629136458904298694, "price": 7362.16, "direction": "sell"}, {"amount": 0.1, "trade-id": 102063026253, "ts": 1575618915036, "id": 10335629136458904299567, "price": 7362.65, "direction": "sell"}, {"amount": 0.000168, "trade-id": 102063026252, "ts": 1575618915036, "id": 10335629136458904298658, "price": 7363.25, "direction": "sell"}, {"amount": 0.000168, "trade-id": 102063026251, "ts": 1575618915036, "id": 10335629136458904299367, "price": 7363.26, "direction": "sell"}, {"amount": 0.366474, "trade-id": 102063026250, "ts": 1575618913600, "id": 10335629123158904297470, "price": 7363.29, "direction": "buy"}, {"amount": 0.000168, "trade-id": 102063026249, "ts": 1575618911152, "id": 10335629100658904294133, "price": 7363.3, "direction": "buy"}, {"amount": 0.102436, "trade-id": 102063026248, "ts": 1575618909751, "id": 10335629086658904155299, "price": 7363.31, "direction": "buy"}, {"amount": 0.03, "trade-id": 102063026247, "ts": 1575618909751, "id": 10335629086658904292982, "price": 7363.3, "direction": "buy"}, {"amount": 0.001295, "trade-id": 102063026246, "ts": 1575618909751, "id": 10335629086658904292722, "price": 7363.3, "direction": "buy"}, {"amount": 0.002, "trade-id": 102063026245, "ts": 1575618909751, "id": 10335629086658904292414, "price": 7363.3, "direction": "buy"}, {"amount": 0.002, "trade-id": 102063026244, "ts": 1575618909738, "id": 10335629086458904292749, "price": 7362.03, "direction": "sell"}, {"amount": 0.135824, "trade-id": 102063026243, "ts": 1575618909525, "id": 10335629084258904292967, "price": 7362.45, "direction": "sell"}, {"amount": 0.00118, "trade-id": 102063026242, "ts": 1575618909128, "id": 10335629079858904292749, "price": 7362.03, "direction": "sell"}, {"amount": 0.00082, "trade-id": 102063026241, "ts": 1575618909128, "id": 10335629079858904292817, "price": 7362.41, "direction": "sell"}, {"amount": 0.056638, "trade-id": 102063026240, "ts": 1575618908125, "id": 10335629066358904155299, "price": 7363.31, "direction": "buy"}, {"amount": 0.03, "trade-id": 102063026239, "ts": 1575618908125, "id": 10335629066358904289050, "price": 7363.17, "direction": "buy"}, {"amount": 0.005153, "trade-id": 102063026238, "ts": 1575618908125, "id": 10335629066358904288812, "price": 7363.16, "direction": "buy"}, {"amount": 0.038879, "trade-id": 102063026237, "ts": 1575618908125, "id": 10335629066358904288800, "price": 7363.16, "direction": "buy"}, {"amount": 0.005061, "trade-id": 102063026236, "ts": 1575618908125, "id": 10335629066358904290945, "price": 7363.15, "direction": "buy"}, {"amount": 0.000168, "trade-id": 102063026235, "ts": 1575618907650, "id": 10335629064258904288800, "price": 7363.16, "direction": "buy"}, {"amount": 0.003151, "trade-id": 102063026234, "ts": 1575618905626, "id": 10335629043758904283885, "price": 7362.86, "direction": "buy"}, {"amount": 0.826073, "trade-id": 102063026233, "ts": 1575618905545, "id": 10335629043158904283885, "price": 7362.86, "direction": "buy"}, {"amount": 0.001, "trade-id": 102063026232, "ts": 1575618905545, "id": 10335629043158904284833, "price": 7362.84, "direction": "buy"}, {"amount": 0.000164, "trade-id": 102063026231, "ts": 1575618905545, "id": 10335629043158904287431, "price": 7362.81, "direction": "buy"}, {"amount": 0.043014, "trade-id": 102063026230, "ts": 1575618905545, "id": 10335629043158904287437, "price": 7362.81, "direction": "buy"}, {"amount": 0.029074, "trade-id": 102063026229, "ts": 1575618905545, "id": 10335629043158904284695, "price": 7362.81, "direction": "buy"}, {"amount": 0.030353, "trade-id": 102063026228, "ts": 1575618905545, "id": 10335629043158904284688, "price": 7362.81, "direction": "buy"}, {"amount": 0.004079, "trade-id": 102063026227, "ts": 1575618905545, "id": 10335629043158904287453, "price": 7362.79, "direction": "buy"}, {"amount": 0.013046, "trade-id": 102063026226, "ts": 1575618905545, "id": 10335629043158904287447, "price": 7362.79, "direction": "buy"}, {"amount": 0.003458, "trade-id": 102063026225, "ts": 1575618905545, "id": 10335629043158904287438, "price": 7362.79, "direction": "buy"}, {"amount": 0.001345, "trade-id": 102063026224, "ts": 1575618904127, "id": 10335629033958904286075, "price": 7362.77, "direction": "buy"}, {"amount": 0.010913, "trade-id": 102063026223, "ts": 1575618903975, "id": 10335629031458904283258, "price": 7360.65, "direction": "sell"}, {"amount": 0.022944, "trade-id": 102063026222, "ts": 1575618903975, "id": 10335629031458904283248, "price": 7360.65, "direction": "sell"}, {"amount": 0.1, "trade-id": 102063026221, "ts": 1575618903975, "id": 10335629031458904284978, "price": 7360.66, "direction": "sell"}, {"amount": 0.001, "trade-id": 102063026220, "ts": 1575618903975, "id": 10335629031458904284860, "price": 7360.67, "direction": "sell"}, {"amount": 0.001, "trade-id": 102063026219, "ts": 1575618903975, "id": 10335629031458904285700, "price": 7360.68, "direction": "sell"}, {"amount": 0.0281, "trade-id": 102063026218, "ts": 1575618903573, "id": 10335629028658904284708, "price": 7362.81, "direction": "buy"}, {"amount": 0.000168, "trade-id": 102063026217, "ts": 1575618903543, "id": 10335629028358904284708, "price": 7362.81, "direction": "buy"}, {"amount": 0.003916, "trade-id": 102063026216, "ts": 1575618902440, "id": 10335629014358904283248, "price": 7360.65, "direction": "sell"}, {"amount": 0.000168, "trade-id": 102063026215, "ts": 1575618902040, "id": 10335629007558904282669, "price": 7362.87, "direction": "buy"}, {"amount": 0.069637, "trade-id": 102063026214, "ts": 1575618900757, "id": 10335628996258904277804, "price": 7360.63, "direction": "sell"}, {"amount": 0.036654, "trade-id": 102063026213, "ts": 1575618900757, "id": 10335628996258904279238, "price": 7360.64, "direction": "sell"}, {"amount": 0.032235, "trade-id": 102063026212, "ts": 1575618900757, "id": 10335628996258904279234, "price": 7360.64, "direction": "sell"}, {"amount": 0.031059, "trade-id": 102063026211, "ts": 1575618900757, "id": 10335628996258904279249, "price": 7360.64, "direction": "sell"}, {"amount": 0.033173, "trade-id": 102063026210, "ts": 1575618900757, "id": 10335628996258904279224, "price": 7360.64, "direction": "sell"}, {"amount": 0.002, "trade-id": 102063026209, "ts": 1575618900757, "id": 10335628996258904278615, "price": 7361.94, "direction": "sell"}, {"amount": 0.000142, "trade-id": 102063026208, "ts": 1575618900757, "id": 10335628996258904281553, "price": 7361.95, "direction": "sell"}, {"amount": 0.1, "trade-id": 102063026207, "ts": 1575618900757, "id": 10335628996258904279501, "price": 7361.95, "direction": "sell"}, {"amount": 0.000286, "trade-id": 102063026206, "ts": 1575618900623, "id": 10335628995058904281188, "price": 7362.95, "direction": "buy"}, {"amount": 0.000168, "trade-id": 102063026205, "ts": 1575618899698, "id": 10335628985358904279561, "price": 7363.03, "direction": "buy"}, {"amount": 0.002, "trade-id": 102063026204, "ts": 1575618899210, "id": 10335628980358904279361, "price": 7361.95, "direction": "sell"}, {"amount": 0.051897, "trade-id": 102063026203, "ts": 1575618898476, "id": 10335628966558904277804, "price": 7360.63, "direction": "sell"}, {"amount": 0.046462, "trade-id": 102063026202, "ts": 1575618898476, "id": 10335628966558904277544, "price": 7360.63, "direction": "sell"}, {"amount": 0.037499, "trade-id": 102063026201, "ts": 1575618898476, "id": 10335628966558904277524, "price": 7360.63, "direction": "sell"}, {"amount": 0.05226, "trade-id": 102063026200, "ts": 1575618898059, "id": 10335628959158904275767, "price": 7360.62, "direction": "sell"}, {"amount": 0.858287, "trade-id": 102063026199, "ts": 1575618897946, "id": 10335628958258904275767, "price": 7360.62, "direction": "sell"}, {"amount": 0.140879, "trade-id": 102063026198, "ts": 1575618897946, "id": 10335628958258904275787, "price": 7360.62, "direction": "sell"}, {"amount": 0.075879, "trade-id": 102063026197, "ts": 1575618897946, "id": 10335628958258904275792, "price": 7360.62, "direction": "sell"}, {"amount": 0.030155, "trade-id": 102063026196, "ts": 1575618897946, "id": 10335628958258904275786, "price": 7360.62, "direction": "sell"}, {"amount": 0.01, "trade-id": 102063026195, "ts": 1575618897946, "id": 10335628958258904277377, "price": 7360.63, "direction": "sell"}, {"amount": 0.002, "trade-id": 102063026194, "ts": 1575618897738, "id": 10335628956458904275786, "price": 7360.62, "direction": "sell"}, {"amount": 0.013668, "trade-id": 102063026193, "ts": 1575618897630, "id": 10335628954658904275786, "price": 7360.62, "direction": "sell"}, {"amount": 0.004991, "trade-id": 102063026192, "ts": 1575618897630, "id": 10335628954658904276428, "price": 7360.63, "direction": "sell"}, {"amount": 0.001341, "trade-id": 102063026191, "ts": 1575618897630, "id": 10335628954658904276767, "price": 7362.53, "direction": "sell"}, {"amount": 0.121637, "trade-id": 102063026190, "ts": 1575618897340, "id": 10335628948558904276094, "price": 7363.26, "direction": "buy"}, {"amount": 0.027672, "trade-id": 102063026189, "ts": 1575618896793, "id": 10335628936558904275176, "price": 7360.63, "direction": "sell"}, {"amount": 0.11, "trade-id": 102063026188, "ts": 1575618896723, "id": 10335628935658904274423, "price": 7363.26, "direction": "buy"}, {"amount": 0.01, "trade-id": 102063026187, "ts": 1575618896723, "id": 10335628935658904274061, "price": 7362.49, "direction": "buy"}, {"amount": 0.635294, "trade-id": 102063026186, "ts": 1575618896560, "id": 10335628932958904274930, "price": 7360.0, "direction": "buy"}, {"amount": 0.2, "trade-id": 102063026185, "ts": 1575618896505, "id": 10335628931958904274144, "price": 7360.6, "direction": "sell"}, {"amount": 0.246769, "trade-id": 102063026184, "ts": 1575618896025, "id": 10335628915658904273790, "price": 7362.5, "direction": "buy"}, {"amount": 0.000699, "trade-id": 102063026183, "ts": 1575618896025, "id": 10335628915658904272129, "price": 7362.5, "direction": "buy"}, {"amount": 0.004925, "trade-id": 102063026182, "ts": 1575618896025, "id": 10335628915658904272101, "price": 7362.5, "direction": "buy"}, {"amount": 0.008662, "trade-id": 102063026181, "ts": 1575618896025, "id": 10335628915658904272110, "price": 7362.5, "direction": "buy"}, {"amount": 0.007423, "trade-id": 102063026180, "ts": 1575618896025, "id": 10335628915658904272108, "price": 7362.5, "direction": "buy"}, {"amount": 0.003016, "trade-id": 102063026179, "ts": 1575618896025, "id": 10335628915658904162001, "price": 7362.0, "direction": "buy"}, {"amount": 0.134273, "trade-id": 102063026178, "ts": 1575618894888, "id": 10335628887758904162001, "price": 7362.0, "direction": "buy"}, {"amount": 0.000948, "trade-id": 102063026177, "ts": 1575618894888, "id": 10335628887758904271657, "price": 7361.99, "direction": "buy"}, {"amount": 0.03, "trade-id": 102063026176, "ts": 1575618894695, "id": 10335628883458904143932, "price": 7361.07, "direction": "buy"}, {"amount": 0.006468, "trade-id": 102063026175, "ts": 1575618894695, "id": 10335628883458904271446, "price": 7360.06, "direction": "buy"}, {"amount": 0.022718, "trade-id": 102063026174, "ts": 1575618894686, "id": 10335628883158904271446, "price": 7360.06, "direction": "buy"}, {"amount": 0.011879, "trade-id": 102063026173, "ts": 1575618894686, "id": 10335628883158904271448, "price": 7360.06, "direction": "buy"}, {"amount": 0.02, "trade-id": 102063026172, "ts": 1575618894681, "id": 10335628882758904271448, "price": 7360.06, "direction": "buy"}, {"amount": 0.002718, "trade-id": 102063026171, "ts": 1575618894677, "id": 10335628882658904271448, "price": 7360.06, "direction": "buy"}, {"amount": 0.02, "trade-id": 102063026170, "ts": 1575618894612, "id": 10335628880158904143932, "price": 7361.07, "direction": "buy"}, {"amount": 0.001, "trade-id": 102063026169, "ts": 1575618894605, "id": 10335628879858904254602, "price": 7360.15, "direction": "buy"}, {"amount": 0.000364, "trade-id": 102063026168, "ts": 1575618894605, "id": 10335628879858904270854, "price": 7360.06, "direction": "buy"}, {"amount": 0.03318, "trade-id": 102063026167, "ts": 1575618894605, "id": 10335628879858904270437, "price": 7360.06, "direction": "buy"}, {"amount": 0.038058, "trade-id": 102063026166, "ts": 1575618894605, "id": 10335628879858904270447, "price": 7360.06, "direction": "buy"}, {"amount": 0.033118, "trade-id": 102063026165, "ts": 1575618894605, "id": 10335628879858904270422, "price": 7360.06, "direction": "buy"}, {"amount": 0.007795, "trade-id": 102063026164, "ts": 1575618894605, "id": 10335628879858904270414, "price": 7360.06, "direction": "buy"}, {"amount": 0.000168, "trade-id": 102063026163, "ts": 1575618894234, "id": 10335628872158904270365, "price": 7360.02, "direction": "buy"}, {"amount": 0.855584, "trade-id": 102063026162, "ts": 1575618893830, "id": 10335628862758904264845, "price": 7360.04, "direction": "buy"}, {"amount": 0.011095, "trade-id": 102063026161, "ts": 1575618893830, "id": 10335628862758904267446, "price": 7360.03, "direction": "buy"}, {"amount": 0.033108, "trade-id": 102063026160, "ts": 1575618893830, "id": 10335628862758904267434, "price": 7360.03, "direction": "buy"}, {"amount": 0.039233, "trade-id": 102063026159, "ts": 1575618893830, "id": 10335628862758904269939, "price": 7360.02, "direction": "buy"}, {"amount": 0.020272, "trade-id": 102063026158, "ts": 1575618893830, "id": 10335628862758904269071, "price": 7360.02, "direction": "buy"}, {"amount": 0.042721, "trade-id": 102063026157, "ts": 1575618893830, "id": 10335628862758904269062, "price": 7360.02, "direction": "buy"}, {"amount": 0.038066, "trade-id": 102063026156, "ts": 1575618893830, "id": 10335628862758904268911, "price": 7360.02, "direction": "buy"}, {"amount": 0.012231, "trade-id": 102063026155, "ts": 1575618893830, "id": 10335628862758904268913, "price": 7360.02, "direction": "buy"}, {"amount": 0.033125, "trade-id": 102063026154, "ts": 1575618893830, "id": 10335628862758904268920, "price": 7360.02, "direction": "buy"}, {"amount": 0.001, "trade-id": 102063026153, "ts": 1575618893830, "id": 10335628862758904268747, "price": 7360.01, "direction": "buy"}, {"amount": 0.050785, "trade-id": 102063026152, "ts": 1575618892930, "id": 10335628848158904267751, "price": 7357.59, "direction": "sell"}, {"amount": 0.045835, "trade-id": 102063026151, "ts": 1575618892930, "id": 10335628848158904267788, "price": 7357.59, "direction": "sell"}, {"amount": 0.039294, "trade-id": 102063026150, "ts": 1575618892930, "id": 10335628848158904267451, "price": 7357.59, "direction": "sell"}, {"amount": 0.011089, "trade-id": 102063026149, "ts": 1575618891331, "id": 10335628833258904264631, "price": 7360.04, "direction": "buy"}, {"amount": 0.033219, "trade-id": 102063026148, "ts": 1575618891331, "id": 10335628833258904264619, "price": 7360.04, "direction": "buy"}, {"amount": 0.008504, "trade-id": 102063026147, "ts": 1575618891331, "id": 10335628833258904266097, "price": 7360.03, "direction": "buy"}, {"amount": 0.012482, "trade-id": 102063026146, "ts": 1575618891331, "id": 10335628833258904266038, "price": 7360.03, "direction": "buy"}, {"amount": 0.015949, "trade-id": 102063026145, "ts": 1575618891156, "id": 10335628830758904266028, "price": 7357.56, "direction": "sell"}, {"amount": 0.290951, "trade-id": 102063026144, "ts": 1575618891156, "id": 10335628830758904266243, "price": 7357.57, "direction": "sell"}, {"amount": 0.002, "trade-id": 102063026143, "ts": 1575618890941, "id": 10335628826758904265820, "price": 7359.35, "direction": "buy"}, {"amount": 0.000168, "trade-id": 102063026142, "ts": 1575618890626, "id": 10335628825158904264632, "price": 7360.04, "direction": "buy"}, {"amount": 0.271612, "trade-id": 102063026141, "ts": 1575618889829, "id": 10335628815258904264290, "price": 7360.01, "direction": "buy"}, {"amount": 0.154691, "trade-id": 102063026140, "ts": 1575618889710, "id": 10335628813558904261030, "price": 7357.47, "direction": "sell"}, {"amount": 0.010309, "trade-id": 102063026139, "ts": 1575618889710, "id": 10335628813558904264121, "price": 7358.3, "direction": "sell"}, {"amount": 0.368058, "trade-id": 102063026138, "ts": 1575618889654, "id": 10335628813058904261030, "price": 7357.47, "direction": "sell"}, {"amount": 0.1083, "trade-id": 102063026137, "ts": 1575618889654, "id": 10335628813058904262032, "price": 7357.48, "direction": "sell"}, {"amount": 0.5435, "trade-id": 102063026136, "ts": 1575618889654, "id": 10335628813058904262689, "price": 7358.3, "direction": "sell"}, {"amount": 0.000142, "trade-id": 102063026135, "ts": 1575618889654, "id": 10335628813058904263999, "price": 7358.64, "direction": "sell"}, {"amount": 0.1, "trade-id": 102063026134, "ts": 1575618889654, "id": 10335628813058904261226, "price": 7358.64, "direction": "sell"}, {"amount": 0.013094, "trade-id": 102063026133, "ts": 1575618889161, "id": 10335628808558904261609, "price": 7360.06, "direction": "buy"}, {"amount": 0.047828, "trade-id": 102063026132, "ts": 1575618889161, "id": 10335628808558904261615, "price": 7360.06, "direction": "buy"}, {"amount": 0.000603, "trade-id": 102063026131, "ts": 1575618889161, "id": 10335628808558904261608, "price": 7360.06, "direction": "buy"}, {"amount": 0.025342, "trade-id": 102063026130, "ts": 1575618887426, "id": 10335628788358904255385, "price": 7358.3, "direction": "sell"}, {"amount": 0.001, "trade-id": 102063026129, "ts": 1575618887426, "id": 10335628788358904254626, "price": 7358.39, "direction": "sell"}, {"amount": 0.008378, "trade-id": 102063026128, "ts": 1575618887426, "id": 10335628788358904257489, "price": 7358.4, "direction": "sell"}, {"amount": 0.1, "trade-id": 102063026127, "ts": 1575618887426, "id": 10335628788358904260561, "price": 7359.04, "direction": "sell"}, {"amount": 0.001161, "trade-id": 102063026126, "ts": 1575618887426, "id": 10335628788358904259646, "price": 7359.38, "direction": "sell"}, {"amount": 0.149385, "trade-id": 102063026125, "ts": 1575618886863, "id": 10335628782458904259701, "price": 7360.07, "direction": "buy"}, {"amount": 0.000168, "trade-id": 102063026124, "ts": 1575618886391, "id": 10335628780858904259228, "price": 7360.11, "direction": "buy"}, {"amount": 0.000168, "trade-id": 102063026123, "ts": 1575618884321, "id": 10335628762858904256710, "price": 7360.13, "direction": "buy"}, {"amount": 0.057268, "trade-id": 102063026122, "ts": 1575618882684, "id": 10335628744258904254697, "price": 7360.11, "direction": "buy"}, {"amount": 0.3076, "trade-id": 102063026121, "ts": 1575618881912, "id": 10335628732258904246219, "price": 7358.3, "direction": "sell"}, {"amount": 0.018988, "trade-id": 102063026120, "ts": 1575618881882, "id": 10335628731658904246219, "price": 7358.3, "direction": "sell"}, {"amount": 0.00588, "trade-id": 102063026119, "ts": 1575618881882, "id": 10335628731658904250156, "price": 7358.32, "direction": "sell"}, {"amount": 0.001012, "trade-id": 102063026118, "ts": 1575618881882, "id": 10335628731658904249407, "price": 7358.33, "direction": "sell"}, {"amount": 0.01, "trade-id": 102063026117, "ts": 1575618881882, "id": 10335628731658904252050, "price": 7359.41, "direction": "sell"}, {"amount": 0.1, "trade-id": 102063026116, "ts": 1575618881882, "id": 10335628731658904252631, "price": 7359.42, "direction": "sell"}, {"amount": 0.046844, "trade-id": 102063026115, "ts": 1575618881725, "id": 10335628730058904252990, "price": 7360.22, "direction": "buy"}, {"amount": 0.000168, "trade-id": 102063026114, "ts": 1575618881231, "id": 10335628725458904251993, "price": 7360.23, "direction": "buy"}, {"amount": 0.093661, "trade-id": 102063026113, "ts": 1575618881079, "id": 10335628721858904251993, "price": 7360.23, "direction": "buy"}, {"amount": 0.747197, "trade-id": 102063026112, "ts": 1575618880318, "id": 10335628711358904251139, "price": 7358.34, "direction": "sell"}, {"amount": 0.000168, "trade-id": 102063026111, "ts": 1575618880318, "id": 10335628711358904249772, "price": 7359.39, "direction": "sell"}, {"amount": 0.000168, "trade-id": 102063026110, "ts": 1575618880318, "id": 10335628711358904249923, "price": 7359.4, "direction": "sell"}, {"amount": 0.000167, "trade-id": 102063026109, "ts": 1575618880318, "id": 10335628711358904250995, "price": 7359.41, "direction": "sell"}, {"amount": 0.001085, "trade-id": 102063026108, "ts": 1575618880202, "id": 10335628709758904250730, "price": 7360.87, "direction": "buy"}, {"amount": 0.051914, "trade-id": 102063026107, "ts": 1575618880202, "id": 10335628709758904250728, "price": 7360.87, "direction": "buy"}, {"amount": 0.001, "trade-id": 102063026106, "ts": 1575618880202, "id": 10335628709758904234457, "price": 7360.24, "direction": "buy"}, {"amount": 0.001, "trade-id": 102063026105, "ts": 1575618880202, "id": 10335628709758904239710, "price": 7359.41, "direction": "buy"}, {"amount": 0.002, "trade-id": 102063026104, "ts": 1575618878196, "id": 10335628684058904247359, "price": 7359.04, "direction": "buy"}, {"amount": 0.000168, "trade-id": 102063026103, "ts": 1575618876759, "id": 10335628668258904245009, "price": 7359.39, "direction": "buy"}, {"amount": 0.034367, "trade-id": 102063026102, "ts": 1575618876387, "id": 10335628664058904244187, "price": 7357.0, "direction": "sell"}, {"amount": 0.1, "trade-id": 102063026101, "ts": 1575618876387, "id": 10335628664058904245054, "price": 7358.66, "direction": "sell"}, {"amount": 0.000764, "trade-id": 102063026100, "ts": 1575618876387, "id": 10335628664058904244520, "price": 7358.67, "direction": "sell"}, {"amount": 0.000763, "trade-id": 102063026099, "ts": 1575618876387, "id": 10335628664058904244857, "price": 7358.68, "direction": "sell"}, {"amount": 0.002, "trade-id": 102063026098, "ts": 1575618875358, "id": 10335628648758904244018, "price": 7358.76, "direction": "buy"}, {"amount": 0.11914, "trade-id": 102063026097, "ts": 1575618875135, "id": 10335628644358904241158, "price": 7356.99, "direction": "sell"}, {"amount": 0.1, "trade-id": 102063026096, "ts": 1575618875135, "id": 10335628644358904240225, "price": 7358.31, "direction": "sell"}, {"amount": 0.01176, "trade-id": 102063026095, "ts": 1575618875135, "id": 10335628644358904242877, "price": 7358.32, "direction": "sell"}, {"amount": 0.002, "trade-id": 102063026094, "ts": 1575618875002, "id": 10335628642058904243308, "price": 7358.81, "direction": "sell"}, {"amount": 0.000168, "trade-id": 102063026093, "ts": 1575618874732, "id": 10335628639958904241995, "price": 7359.18, "direction": "buy"}, {"amount": 0.003093, "trade-id": 102063026092, "ts": 1575618874243, "id": 10335628634558904241995, "price": 7359.18, "direction": "buy"}, {"amount": 0.8137, "trade-id": 102063026091, "ts": 1575618872808, "id": 10335628614958904240111, "price": 7359.33, "direction": "buy"}, {"amount": 0.034759, "trade-id": 102063026090, "ts": 1575618872683, "id": 10335628613558904239275, "price": 7357.15, "direction": "sell"}, {"amount": 0.040339, "trade-id": 102063026089, "ts": 1575618872683, "id": 10335628613558904236026, "price": 7357.22, "direction": "sell"}, {"amount": 0.001, "trade-id": 102063026088, "ts": 1575618872683, "id": 10335628613558904223740, "price": 7357.67, "direction": "sell"}, {"amount": 0.02017, "trade-id": 102063026087, "ts": 1575618872683, "id": 10335628613558904235482, "price": 7357.71, "direction": "sell"}, {"amount": 0.007732, "trade-id": 102063026086, "ts": 1575618872683, "id": 10335628613558904229011, "price": 7358.29, "direction": "sell"}, {"amount": 0.5436, "trade-id": 102063026085, "ts": 1575618872683, "id": 10335628613558904239117, "price": 7358.3, "direction": "sell"}, {"amount": 0.1, "trade-id": 102063026084, "ts": 1575618872683, "id": 10335628613558904237678, "price": 7358.3, "direction": "sell"}, {"amount": 0.001, "trade-id": 102063026083, "ts": 1575618872683, "id": 10335628613558904239716, "price": 7358.32, "direction": "sell"}, {"amount": 0.040309, "trade-id": 102063026082, "ts": 1575618872395, "id": 10335628610258904239544, "price": 7359.44, "direction": "buy"}, {"amount": 0.020157, "trade-id": 102063026081, "ts": 1575618872387, "id": 10335628609958904239544, "price": 7359.44, "direction": "buy"}, {"amount": 0.000168, "trade-id": 102063026080, "ts": 1575618872090, "id": 10335628602458904238944, "price": 7359.53, "direction": "buy"}, {"amount": 0.0011, "trade-id": 102063026079, "ts": 1575618871634, "id": 10335628598358904237882, "price": 7359.63, "direction": "buy"}, {"amount": 0.032029, "trade-id": 102063026078, "ts": 1575618870825, "id": 10335628589758904236104, "price": 7358.3, "direction": "sell"}, {"amount": 0.003872, "trade-id": 102063026077, "ts": 1575618870825, "id": 10335628589758904235247, "price": 7358.31, "direction": "sell"}, {"amount": 0.1, "trade-id": 102063026076, "ts": 1575618870825, "id": 10335628589758904234397, "price": 7358.31, "direction": "sell"}, {"amount": 0.000168, "trade-id": 102063026075, "ts": 1575618870283, "id": 10335628584958904236238, "price": 7359.74, "direction": "buy"}, {"amount": 0.1312, "trade-id": 102063026074, "ts": 1575618868913, "id": 10335628565558904232889, "price": 7358.3, "direction": "sell"}, {"amount": 0.1, "trade-id": 102063026073, "ts": 1575618868913, "id": 10335628565558904231449, "price": 7358.3, "direction": "sell"}, {"amount": 0.002032, "trade-id": 102063026072, "ts": 1575618867659, "id": 10335628551858904231694, "price": 7359.88, "direction": "buy"}, {"amount": 0.061349, "trade-id": 102063026071, "ts": 1575618867503, "id": 10335628550858904231694, "price": 7359.88, "direction": "buy"}, {"amount": 0.002, "trade-id": 102063026070, "ts": 1575618866595, "id": 10335628534258904229011, "price": 7358.29, "direction": "sell"}, {"amount": 0.01, "trade-id": 102063026069, "ts": 1575618866003, "id": 10335628521858904216643, "price": 7360.49, "direction": "buy"}, {"amount": 0.040744, "trade-id": 102063026068, "ts": 1575618866000, "id": 10335628521758904216643, "price": 7360.49, "direction": "buy"}, {"amount": 0.010052, "trade-id": 102063026067, "ts": 1575618865993, "id": 10335628521558904216643, "price": 7360.49, "direction": "buy"}, {"amount": 0.1, "trade-id": 102063026066, "ts": 1575618865993, "id": 10335628521558904228747, "price": 7360.28, "direction": "buy"}, {"amount": 0.001, "trade-id": 102063026065, "ts": 1575618865993, "id": 10335628521558904193299, "price": 7360.06, "direction": "buy"}, {"amount": 0.002, "trade-id": 102063026064, "ts": 1575618865993, "id": 10335628521558904200080, "price": 7359.25, "direction": "buy"}, {"amount": 0.000512, "trade-id": 102063026063, "ts": 1575618865993, "id": 10335628521558904224621, "price": 7358.55, "direction": "buy"}, {"amount": 0.00016, "trade-id": 102063026062, "ts": 1575618865993, "id": 10335628521558904227741, "price": 7358.29, "direction": "buy"}, {"amount": 0.6244, "trade-id": 102063026061, "ts": 1575618865853, "id": 10335628517658904228314, "price": 7357.8, "direction": "sell"}, {"amount": 0.135911, "trade-id": 102063026060, "ts": 1575618865331, "id": 10335628511758904227602, "price": 7357.78, "direction": "sell"}, {"amount": 0.277479, "trade-id": 102063026059, "ts": 1575618865115, "id": 10335628507358904224621, "price": 7358.55, "direction": "buy"}, {"amount": 0.001, "trade-id": 102063026058, "ts": 1575618865115, "id": 10335628507358904208739, "price": 7358.32, "direction": "buy"}, {"amount": 0.000832, "trade-id": 102063026057, "ts": 1575618865115, "id": 10335628507358904223718, "price": 7358.3, "direction": "buy"}, {"amount": 0.000168, "trade-id": 102063026056, "ts": 1575618863775, "id": 10335628492658904223718, "price": 7358.3, "direction": "buy"}, {"amount": 0.1982, "trade-id": 102063026055, "ts": 1575618861086, "id": 10335628465258904221303, "price": 7357.56, "direction": "sell"}, {"amount": 0.019342, "trade-id": 102063026054, "ts": 1575618859793, "id": 10335628450758904219453, "price": 7356.85, "direction": "sell"}, {"amount": 0.01, "trade-id": 102063026053, "ts": 1575618859793, "id": 10335628450758904218028, "price": 7357.43, "direction": "sell"}, {"amount": 0.1, "trade-id": 102063026052, "ts": 1575618859793, "id": 10335628450758904219744, "price": 7357.48, "direction": "sell"}, {"amount": 0.000813, "trade-id": 102063026051, "ts": 1575618859793, "id": 10335628450758904219628, "price": 7357.48, "direction": "sell"}, {"amount": 0.005762, "trade-id": 102063026050, "ts": 1575618859793, "id": 10335628450758904219619, "price": 7357.48, "direction": "sell"}, {"amount": 0.05, "trade-id": 102063026049, "ts": 1575618858431, "id": 10335628434858904217498, "price": 7357.94, "direction": "buy"}, {"amount": 0.321161, "trade-id": 102063026048, "ts": 1575618858083, "id": 10335628430058904139815, "price": 7356.83, "direction": "sell"}, {"amount": 0.203639, "trade-id": 102063026047, "ts": 1575618858083, "id": 10335628430058904182157, "price": 7356.87, "direction": "sell"}, {"amount": 0.1, "trade-id": 102063026046, "ts": 1575618858083, "id": 10335628430058904216030, "price": 7357.74, "direction": "sell"}, {"amount": 0.025181, "trade-id": 102063026045, "ts": 1575618857612, "id": 10335628427158904216510, "price": 7358.01, "direction": "buy"}, {"amount": 0.021489, "trade-id": 102063026044, "ts": 1575618857253, "id": 10335628423458904182157, "price": 7356.87, "direction": "sell"}, {"amount": 0.003219, "trade-id": 102063026043, "ts": 1575618857253, "id": 10335628423458904215792, "price": 7356.88, "direction": "sell"}, {"amount": 0.001, "trade-id": 102063026042, "ts": 1575618857253, "id": 10335628423458904208756, "price": 7357.24, "direction": "sell"}, {"amount": 0.001592, "trade-id": 102063026041, "ts": 1575618857253, "id": 10335628423458904214897, "price": 7357.73, "direction": "sell"}, {"amount": 0.03658, "trade-id": 102063026040, "ts": 1575618855407, "id": 10335628407158904213221, "price": 7357.85, "direction": "buy"}, {"amount": 0.002, "trade-id": 102063026039, "ts": 1575618855375, "id": 10335628406658904213238, "price": 7357.82, "direction": "buy"}, {"amount": 0.135919, "trade-id": 102063026038, "ts": 1575618854262, "id": 10335628393158904211705, "price": 7357.37, "direction": "sell"}, {"amount": 0.002, "trade-id": 102063026037, "ts": 1575618852507, "id": 10335628374258904209122, "price": 7357.72, "direction": "buy"}, {"amount": 0.000171, "trade-id": 102063026036, "ts": 1575618851611, "id": 10335628366058904206507, "price": 7358.34, "direction": "buy"}, {"amount": 0.002, "trade-id": 102063026035, "ts": 1575618851424, "id": 10335628364358904207630, "price": 7357.65, "direction": "buy"}, {"amount": 0.1762, "trade-id": 102063026034, "ts": 1575618850528, "id": 10335628349058904206205, "price": 7356.98, "direction": "sell"}, {"amount": 0.5555, "trade-id": 102063026033, "ts": 1575618850295, "id": 10335628346258904205780, "price": 7356.98, "direction": "sell"}, {"amount": 0.081, "trade-id": 102063026032, "ts": 1575618848932, "id": 10335628330958904203740, "price": 7358.33, "direction": "buy"}, {"amount": 0.074872, "trade-id": 102063026031, "ts": 1575618848731, "id": 10335628329058904182157, "price": 7356.87, "direction": "sell"}, {"amount": 0.017749, "trade-id": 102063026030, "ts": 1575618848731, "id": 10335628329058904203550, "price": 7356.88, "direction": "sell"}, {"amount": 0.020088, "trade-id": 102063026029, "ts": 1575618848731, "id": 10335628329058904203310, "price": 7356.88, "direction": "sell"}, {"amount": 0.003641, "trade-id": 102063026028, "ts": 1575618848731, "id": 10335628329058904201042, "price": 7356.88, "direction": "sell"}, {"amount": 0.003891, "trade-id": 102063026027, "ts": 1575618848731, "id": 10335628329058904201035, "price": 7356.88, "direction": "sell"}, {"amount": 0.015686, "trade-id": 102063026026, "ts": 1575618848731, "id": 10335628329058904201025, "price": 7356.88, "direction": "sell"}, {"amount": 0.002, "trade-id": 102063026025, "ts": 1575618846384, "id": 10335628302558904199886, "price": 7358.46, "direction": "buy"}, {"amount": 0.001, "trade-id": 102063026024, "ts": 1575618846089, "id": 10335628295658904197308, "price": 7358.52, "direction": "sell"}, {"amount": 0.001, "trade-id": 102063026023, "ts": 1575618845543, "id": 10335628285458904197173, "price": 7358.56, "direction": "sell"}, {"amount": 0.057754, "trade-id": 102063026022, "ts": 1575618843216, "id": 10335628253858904193081, "price": 7356.9, "direction": "sell"}, {"amount": 0.021648, "trade-id": 102063026021, "ts": 1575618843216, "id": 10335628253858904194577, "price": 7356.91, "direction": "sell"}, {"amount": 0.020201, "trade-id": 102063026020, "ts": 1575618843216, "id": 10335628253858904194555, "price": 7356.91, "direction": "sell"}, {"amount": 0.018275, "trade-id": 102063026019, "ts": 1575618843216, "id": 10335628253858904194596, "price": 7356.91, "direction": "sell"}, {"amount": 0.018049, "trade-id": 102063026018, "ts": 1575618843216, "id": 10335628253858904194558, "price": 7356.91, "direction": "sell"}, {"amount": 0.143944, "trade-id": 102063026017, "ts": 1575618842775, "id": 10335628245758904193081, "price": 7356.9, "direction": "sell"}, {"amount": 0.032356, "trade-id": 102063026016, "ts": 1575618842775, "id": 10335628245758904193087, "price": 7356.9, "direction": "sell"}, {"amount": 0.001639, "trade-id": 102063026015, "ts": 1575618842708, "id": 10335628244258904193087, "price": 7356.9, "direction": "sell"}, {"amount": 0.00219, "trade-id": 102063026014, "ts": 1575618842708, "id": 10335628244258904193070, "price": 7356.9, "direction": "sell"}, {"amount": 0.010044, "trade-id": 102063026013, "ts": 1575618842674, "id": 10335628243358904193070, "price": 7356.9, "direction": "sell"}, {"amount": 0.011466, "trade-id": 102063026012, "ts": 1575618842674, "id": 10335628243358904193090, "price": 7356.9, "direction": "sell"}, {"amount": 0.001, "trade-id": 102063026011, "ts": 1575618842674, "id": 10335628243358904193317, "price": 7356.92, "direction": "sell"}, {"amount": 0.045431, "trade-id": 102063026010, "ts": 1575618842180, "id": 10335628236858904193226, "price": 7359.55, "direction": "sell"}, {"amount": 0.105959, "trade-id": 102063026009, "ts": 1575618841672, "id": 10335628228858904191519, "price": 7356.89, "direction": "sell"}, {"amount": 0.2, "trade-id": 102063026008, "ts": 1575618841672, "id": 10335628228858904191337, "price": 7356.91, "direction": "sell"}, {"amount": 0.099241, "trade-id": 102063026007, "ts": 1575618841672, "id": 10335628228858904183223, "price": 7357.34, "direction": "sell"}, {"amount": 0.1, "trade-id": 102063026006, "ts": 1575618841672, "id": 10335628228858904191558, "price": 7357.71, "direction": "sell"}, {"amount": 0.676916, "trade-id": 102063026005, "ts": 1575618841441, "id": 10335628226358904192206, "price": 7360.13, "direction": "buy"}, {"amount": 0.203694, "trade-id": 102063026004, "ts": 1575618841057, "id": 10335628215358904191352, "price": 7360.3, "direction": "buy"}, {"amount": 0.002, "trade-id": 102063026003, "ts": 1575618838501, "id": 10335628173358904187662, "price": 7359.53, "direction": "buy"}, {"amount": 0.013186, "trade-id": 102063026002, "ts": 1575618837685, "id": 10335628159658904185578, "price": 7358.63, "direction": "sell"}, {"amount": 0.040344, "trade-id": 102063026001, "ts": 1575618837685, "id": 10335628159658904185568, "price": 7358.63, "direction": "sell"}, {"amount": 0.082363, "trade-id": 102063026000, "ts": 1575618837685, "id": 10335628159658904186298, "price": 7359.48, "direction": "sell"}, {"amount": 0.1617, "trade-id": 102063025999, "ts": 1575618836195, "id": 10335628140558904183975, "price": 7358.62, "direction": "sell"}, {"amount": 0.021191, "trade-id": 102063025998, "ts": 1575618835908, "id": 10335628132158904182535, "price": 7360.58, "direction": "buy"}, {"amount": 0.270794, "trade-id": 102063025997, "ts": 1575618835878, "id": 10335628131458904182535, "price": 7360.58, "direction": "buy"}, {"amount": 0.970783, "trade-id": 102063025996, "ts": 1575618835238, "id": 10335628121558904164233, "price": 7359.52, "direction": "buy"}, {"amount": 0.002, "trade-id": 102063025995, "ts": 1575618835238, "id": 10335628121558904166301, "price": 7359.5, "direction": "buy"}, {"amount": 0.192867, "trade-id": 102063025994, "ts": 1575618835238, "id": 10335628121558904174150, "price": 7359.47, "direction": "buy"}, {"amount": 0.08, "trade-id": 102063025993, "ts": 1575618835238, "id": 10335628121558904180587, "price": 7359.13, "direction": "buy"}, {"amount": 0.02, "trade-id": 102063025992, "ts": 1575618835176, "id": 10335628120058904180587, "price": 7359.13, "direction": "buy"}, {"amount": 0.018667, "trade-id": 102063025991, "ts": 1575618835073, "id": 10335628113858904178627, "price": 7358.55, "direction": "buy"}, {"amount": 0.062333, "trade-id": 102063025990, "ts": 1575618835003, "id": 10335628112558904178627, "price": 7358.55, "direction": "buy"}, {"amount": 0.017667, "trade-id": 102063025989, "ts": 1575618835003, "id": 10335628112558904170947, "price": 7358.55, "direction": "buy"}, {"amount": 0.08, "trade-id": 102063025988, "ts": 1575618834995, "id": 10335628112358904170947, "price": 7358.55, "direction": "buy"}, {"amount": 0.16, "trade-id": 102063025987, "ts": 1575618834842, "id": 10335628110558904170947, "price": 7358.55, "direction": "buy"}, {"amount": 0.16, "trade-id": 102063025986, "ts": 1575618834835, "id": 10335628110458904170947, "price": 7358.55, "direction": "buy"}, {"amount": 0.14, "trade-id": 102063025985, "ts": 1575618834829, "id": 10335628110258904170947, "price": 7358.55, "direction": "buy"}, {"amount": 0.002, "trade-id": 102063025984, "ts": 1575618834426, "id": 10335628105758904181537, "price": 7357.85, "direction": "sell"}, {"amount": 0.002, "trade-id": 102063025983, "ts": 1575618834407, "id": 10335628105658904170947, "price": 7358.55, "direction": "buy"}, {"amount": 0.013267, "trade-id": 102063025982, "ts": 1575618834257, "id": 10335628103658904170947, "price": 7358.55, "direction": "buy"}, {"amount": 0.32, "trade-id": 102063025981, "ts": 1575618834149, "id": 10335628100958904170947, "price": 7358.55, "direction": "buy"}, {"amount": 0.110988, "trade-id": 102063025980, "ts": 1575618834141, "id": 10335628100758904170947, "price": 7358.55, "direction": "buy"}, {"amount": 0.001, "trade-id": 102063025979, "ts": 1575618834141, "id": 10335628100758904178371, "price": 7358.52, "direction": "buy"}, {"amount": 0.20216, "trade-id": 102063025978, "ts": 1575618834141, "id": 10335628100758904179865, "price": 7358.51, "direction": "buy"}, {"amount": 0.045852, "trade-id": 102063025977, "ts": 1575618834141, "id": 10335628100758904181097, "price": 7358.5, "direction": "buy"}, {"amount": 0.00284, "trade-id": 102063025976, "ts": 1575618834013, "id": 10335628098558904179865, "price": 7358.51, "direction": "buy"}, {"amount": 0.00016, "trade-id": 102063025975, "ts": 1575618834013, "id": 10335628098558904180405, "price": 7358.5, "direction": "buy"}, {"amount": 0.36, "trade-id": 102063025974, "ts": 1575618833859, "id": 10335628096358904180600, "price": 7357.78, "direction": "buy"}, {"amount": 0.36, "trade-id": 102063025973, "ts": 1575618833847, "id": 10335628096158904180600, "price": 7357.78, "direction": "buy"}, {"amount": 0.38, "trade-id": 102063025972, "ts": 1575618833847, "id": 10335628096058904180600, "price": 7357.78, "direction": "buy"}, {"amount": 0.085, "trade-id": 102063025971, "ts": 1575618833752, "id": 10335628095058904180600, "price": 7357.78, "direction": "buy"}, {"amount": 0.002, "trade-id": 102063025970, "ts": 1575618833596, "id": 10335628093658904180426, "price": 7357.85, "direction": "buy"}, {"amount": 0.358744, "trade-id": 102063025969, "ts": 1575618833482, "id": 10335628092458904179245, "price": 7357.17, "direction": "sell"}, {"amount": 0.03, "trade-id": 102063025968, "ts": 1575618833482, "id": 10335628092458904178810, "price": 7357.17, "direction": "sell"}, {"amount": 0.1, "trade-id": 102063025967, "ts": 1575618833482, "id": 10335628092458904178499, "price": 7357.18, "direction": "sell"}, {"amount": 0.000141, "trade-id": 102063025966, "ts": 1575618833482, "id": 10335628092458904179629, "price": 7357.19, "direction": "sell"}, {"amount": 0.016515, "trade-id": 102063025965, "ts": 1575618833482, "id": 10335628092458904179637, "price": 7357.19, "direction": "sell"}, {"amount": 0.037599, "trade-id": 102063025964, "ts": 1575618832171, "id": 10335628075658904176750, "price": 7357.1, "direction": "sell"}, {"amount": 0.0111, "trade-id": 102063025963, "ts": 1575618832171, "id": 10335628075658900013376, "price": 7357.14, "direction": "sell"}, {"amount": 0.0271, "trade-id": 102063025962, "ts": 1575618832171, "id": 10335628075658899758048, "price": 7357.14, "direction": "sell"}, {"amount": 0.044418, "trade-id": 102063025961, "ts": 1575618832171, "id": 10335628075658904176874, "price": 7357.17, "direction": "sell"}, {"amount": 0.014705, "trade-id": 102063025960, "ts": 1575618832171, "id": 10335628075658904176763, "price": 7357.17, "direction": "sell"}, {"amount": 0.001, "trade-id": 102063025959, "ts": 1575618832171, "id": 10335628075658904178353, "price": 7357.19, "direction": "sell"}, {"amount": 0.010438, "trade-id": 102063025958, "ts": 1575618831431, "id": 10335628068058904175330, "price": 7358.54, "direction": "buy"}, {"amount": 0.003102, "trade-id": 102063025957, "ts": 1575618831431, "id": 10335628068058904176755, "price": 7358.53, "direction": "buy"}, {"amount": 0.013541, "trade-id": 102063025956, "ts": 1575618831087, "id": 10335628061158904175298, "price": 7358.54, "direction": "buy"}, {"amount": 0.000181, "trade-id": 102063025955, "ts": 1575618830299, "id": 10335628055158904175298, "price": 7358.54, "direction": "buy"}, {"amount": 0.1617, "trade-id": 102063025954, "ts": 1575618829725, "id": 10335628050058904174712, "price": 7357.98, "direction": "sell"}, {"amount": 0.671168, "trade-id": 102063025953, "ts": 1575618829647, "id": 10335628049258904174480, "price": 7357.19, "direction": "sell"}, {"amount": 1.529032, "trade-id": 102063025952, "ts": 1575618829647, "id": 10335628049258904174558, "price": 7357.22, "direction": "sell"}, {"amount": 0.554378, "trade-id": 102063025951, "ts": 1575618829617, "id": 10335628048858904170947, "price": 7358.55, "direction": "buy"}, {"amount": 0.040589, "trade-id": 102063025950, "ts": 1575618829617, "id": 10335628048858904172273, "price": 7358.54, "direction": "buy"}, {"amount": 0.038592, "trade-id": 102063025949, "ts": 1575618829617, "id": 10335628048858904172279, "price": 7358.54, "direction": "buy"}, {"amount": 0.04044, "trade-id": 102063025948, "ts": 1575618829617, "id": 10335628048858904172288, "price": 7358.54, "direction": "buy"}, {"amount": 0.04084, "trade-id": 102063025947, "ts": 1575618829617, "id": 10335628048858904172266, "price": 7358.54, "direction": "buy"}, {"amount": 0.1, "trade-id": 102063025946, "ts": 1575618829617, "id": 10335628048858904174169, "price": 7358.19, "direction": "buy"}, {"amount": 0.00016, "trade-id": 102063025945, "ts": 1575618829617, "id": 10335628048858904172696, "price": 7358.0, "direction": "buy"}, {"amount": 0.067195, "trade-id": 102063025944, "ts": 1575618829172, "id": 10335628044658904172696, "price": 7358.0, "direction": "buy"}, {"amount": 0.002718, "trade-id": 102063025943, "ts": 1575618828678, "id": 10335628038858904172696, "price": 7358.0, "direction": "buy"}, {"amount": 0.025144, "trade-id": 102063025942, "ts": 1575618827963, "id": 10335628031758904171958, "price": 7357.98, "direction": "sell"}, {"amount": 0.013541, "trade-id": 102063025941, "ts": 1575618827750, "id": 10335628028958904171567, "price": 7358.48, "direction": "buy"}, {"amount": 0.437, "trade-id": 102063025940, "ts": 1575618827742, "id": 10335628028658904171567, "price": 7358.48, "direction": "buy"}, {"amount": 0.055909, "trade-id": 102063025939, "ts": 1575618826661, "id": 10335628017458904169965, "price": 7357.41, "direction": "sell"}, {"amount": 0.08, "trade-id": 102063025938, "ts": 1575618826661, "id": 10335628017458904169417, "price": 7357.88, "direction": "sell"}, {"amount": 0.05663, "trade-id": 102063025937, "ts": 1575618826283, "id": 10335628012358904168710, "price": 7358.57, "direction": "buy"}, {"amount": 0.215, "trade-id": 102063025936, "ts": 1575618826283, "id": 10335628012358904169627, "price": 7358.56, "direction": "buy"}, {"amount": 0.201265, "trade-id": 102063025935, "ts": 1575618826145, "id": 10335628008758904141402, "price": 7357.58, "direction": "sell"}, {"amount": 0.08, "trade-id": 102063025934, "ts": 1575618826145, "id": 10335628008758904142303, "price": 7357.93, "direction": "sell"}, {"amount": 0.006752, "trade-id": 102063025933, "ts": 1575618826145, "id": 10335628008758904137499, "price": 7358.0, "direction": "sell"}, {"amount": 0.181483, "trade-id": 102063025932, "ts": 1575618826145, "id": 10335628008758904169049, "price": 7358.01, "direction": "sell"}, {"amount": 0.0096, "trade-id": 102063025931, "ts": 1575618825720, "id": 10335628002458904168442, "price": 7359.13, "direction": "sell"}, {"amount": 0.3654, "trade-id": 102063025930, "ts": 1575618825235, "id": 10335627994658904163839, "price": 7359.48, "direction": "buy"}, {"amount": 0.041956, "trade-id": 102063025929, "ts": 1575618825235, "id": 10335627994658904167738, "price": 7359.47, "direction": "buy"}, {"amount": 0.00016, "trade-id": 102063025928, "ts": 1575618825235, "id": 10335627994658904164347, "price": 7358.3, "direction": "buy"}, {"amount": 0.001, "trade-id": 102063025927, "ts": 1575618825118, "id": 10335627992658904166557, "price": 7358.15, "direction": "buy"}, {"amount": 0.071, "trade-id": 102063025926, "ts": 1575618824746, "id": 10335627987258904166557, "price": 7358.15, "direction": "buy"}, {"amount": 0.08, "trade-id": 102063025925, "ts": 1575618824736, "id": 10335627986958904166557, "price": 7358.15, "direction": "buy"}, {"amount": 0.002, "trade-id": 102063025924, "ts": 1575618824421, "id": 10335627980558904165700, "price": 7358.29, "direction": "buy"}, {"amount": 0.072697, "trade-id": 102063025923, "ts": 1575618823067, "id": 10335627954958904142690, "price": 7358.3, "direction": "sell"}, {"amount": 0.000331, "trade-id": 102063025922, "ts": 1575618823067, "id": 10335627954958904153009, "price": 7358.61, "direction": "sell"}, {"amount": 0.0104, "trade-id": 102063025921, "ts": 1575618823067, "id": 10335627954958904155359, "price": 7358.68, "direction": "sell"}, {"amount": 0.000331, "trade-id": 102063025920, "ts": 1575618823067, "id": 10335627954958904153898, "price": 7358.8, "direction": "sell"}, {"amount": 0.0245, "trade-id": 102063025919, "ts": 1575618823067, "id": 10335627954958904157060, "price": 7359.46, "direction": "sell"}, {"amount": 0.042741, "trade-id": 102063025918, "ts": 1575618823067, "id": 10335627954958904162165, "price": 7359.47, "direction": "sell"}, {"amount": 0.001224, "trade-id": 102063025917, "ts": 1575618822977, "id": 10335627952858904162165, "price": 7359.47, "direction": "sell"}, {"amount": 0.000331, "trade-id": 102063025916, "ts": 1575618822977, "id": 10335627952858904157508, "price": 7359.47, "direction": "sell"}, {"amount": 0.001, "trade-id": 102063025915, "ts": 1575618822835, "id": 10335627950358904161287, "price": 7359.54, "direction": "sell"}, {"amount": 0.001, "trade-id": 102063025914, "ts": 1575618822566, "id": 10335627945558904162143, "price": 7359.55, "direction": "buy"}, {"amount": 0.135878, "trade-id": 102063025913, "ts": 1575618821135, "id": 10335627911758904160591, "price": 7359.56, "direction": "sell"}, {"amount": 0.4695, "trade-id": 102063025912, "ts": 1575618818734, "id": 10335627890758904157255, "price": 7360.04, "direction": "sell"}, {"amount": 0.002, "trade-id": 102063025911, "ts": 1575618818575, "id": 10335627889758904157014, "price": 7359.97, "direction": "sell"}, {"amount": 0.002, "trade-id": 102063025910, "ts": 1575618818507, "id": 10335627889258904156903, "price": 7359.97, "direction": "buy"}, {"amount": 0.069803, "trade-id": 102063025909, "ts": 1575618818355, "id": 10335627888258904153694, "price": 7361.02, "direction": "buy"}, {"amount": 0.006285, "trade-id": 102063025908, "ts": 1575618818355, "id": 10335627888258904156450, "price": 7361.01, "direction": "buy"}, {"amount": 0.0062, "trade-id": 102063025907, "ts": 1575618818355, "id": 10335627888258904156463, "price": 7360.67, "direction": "buy"}, {"amount": 0.013537, "trade-id": 102063025906, "ts": 1575618816459, "id": 10335627863458904153639, "price": 7360.3, "direction": "buy"}, {"amount": 0.6374447724842854, "trade-id": 102063025905, "ts": 1575618816136, "id": 10335627858758904147520, "price": 7361.03, "direction": "buy"}, {"amount": 0.177695, "trade-id": 102063025904, "ts": 1575618816136, "id": 10335627858758904146598, "price": 7359.52, "direction": "buy"}, {"amount": 0.012422, "trade-id": 102063025903, "ts": 1575618815778, "id": 10335627853658904146598, "price": 7359.52, "direction": "buy"}, {"amount": 0.135884, "trade-id": 102063025902, "ts": 1575618815603, "id": 10335627851758904151090, "price": 7359.23, "direction": "sell"}, {"amount": 0.151, "trade-id": 102063025901, "ts": 1575618814426, "id": 10335627837858904149495, "price": 7359.14, "direction": "sell"}, {"amount": 0.011635, "trade-id": 102063025900, "ts": 1575618814398, "id": 10335627837458904149495, "price": 7359.14, "direction": "sell"}, {"amount": 0.002, "trade-id": 102063025899, "ts": 1575618814397, "id": 10335627837358904150800, "price": 7359.16, "direction": "sell"}, {"amount": 0.01931, "trade-id": 102063025898, "ts": 1575618814094, "id": 10335627833558904146598, "price": 7359.52, "direction": "buy"}, {"amount": 0.004814, "trade-id": 102063025897, "ts": 1575618814074, "id": 10335627832858904146598, "price": 7359.52, "direction": "buy"}, {"amount": 0.00016, "trade-id": 102063025896, "ts": 1575618814074, "id": 10335627832858904149174, "price": 7359.51, "direction": "buy"}, {"amount": 0.002, "trade-id": 102063025895, "ts": 1575618813401, "id": 10335627826158904149268, "price": 7359.07, "direction": "sell"}, {"amount": 0.08, "trade-id": 102063025894, "ts": 1575618812075, "id": 10335627804258904146598, "price": 7359.52, "direction": "buy"}, {"amount": 0.08, "trade-id": 102063025893, "ts": 1575618811941, "id": 10335627803558904146598, "price": 7359.52, "direction": "buy"}, {"amount": 0.002, "trade-id": 102063025892, "ts": 1575618811701, "id": 10335627801558904144802, "price": 7359.66, "direction": "sell"}, {"amount": 0.000168, "trade-id": 102063025891, "ts": 1575618811701, "id": 10335627801558904145593, "price": 7359.78, "direction": "sell"}, {"amount": 0.001, "trade-id": 102063025890, "ts": 1575618811701, "id": 10335627801558904146287, "price": 7359.8, "direction": "sell"}, {"amount": 0.249003, "trade-id": 102063025889, "ts": 1575618811301, "id": 10335627797058904144139, "price": 7359.78, "direction": "sell"}, {"amount": 0.192997, "trade-id": 102063025888, "ts": 1575618811301, "id": 10335627797058904144144, "price": 7359.78, "direction": "sell"}, {"amount": 0.02, "trade-id": 102063025887, "ts": 1575618810937, "id": 10335627788958904143636, "price": 7359.79, "direction": "buy"}, {"amount": 0.014999, "trade-id": 102063025886, "ts": 1575618810706, "id": 10335627784358904143636, "price": 7359.79, "direction": "buy"}, {"amount": 0.002, "trade-id": 102063025885, "ts": 1575618810609, "id": 10335627782458904144144, "price": 7359.78, "direction": "sell"}, {"amount": 0.135876, "trade-id": 102063025884, "ts": 1575618810074, "id": 10335627770458904143776, "price": 7359.7, "direction": "sell"}, {"amount": 0.07871386725164713, "trade-id": 102063025883, "ts": 1575618809404, "id": 10335627759658904142281, "price": 7361.46, "direction": "buy"}, {"amount": 0.08128613274835288, "trade-id": 102063025882, "ts": 1575618809404, "id": 10335627759658904142466, "price": 7359.79, "direction": "buy"}, {"amount": 0.005173867251647125, "trade-id": 102063025881, "ts": 1575618809368, "id": 10335627758958904142466, "price": 7359.79, "direction": "buy"}, {"amount": 0.01354, "trade-id": 102063025880, "ts": 1575618809367, "id": 10335627758858904142466, "price": 7359.79, "direction": "buy"}, {"amount": 0.135813, "trade-id": 102063025879, "ts": 1575618809167, "id": 10335627753758904136832, "price": 7361.49, "direction": "buy"}, {"amount": 0.08, "trade-id": 102063025878, "ts": 1575618809141, "id": 10335627752658904136616, "price": 7360.46, "direction": "buy"}, {"amount": 0.006, "trade-id": 102063025877, "ts": 1575618809136, "id": 10335627752458904136616, "price": 7360.46, "direction": "buy"}, {"amount": 0.074, "trade-id": 102063025876, "ts": 1575618809136, "id": 10335627752458904142171, "price": 7359.71, "direction": "buy"}, {"amount": 0.24, "trade-id": 102063025875, "ts": 1575618809045, "id": 10335627750358904136616, "price": 7360.46, "direction": "buy"}, {"amount": 0.02, "trade-id": 102063025874, "ts": 1575618809019, "id": 10335627750058904136616, "price": 7360.46, "direction": "buy"}, {"amount": 0.16, "trade-id": 102063025873, "ts": 1575618809011, "id": 10335627749958904136616, "price": 7360.46, "direction": "buy"}, {"amount": 0.16, "trade-id": 102063025872, "ts": 1575618808998, "id": 10335627749358904136616, "price": 7360.46, "direction": "buy"}, {"amount": 0.08, "trade-id": 102063025871, "ts": 1575618808994, "id": 10335627748958904140665, "price": 7359.8, "direction": "buy"}, {"amount": 0.13253, "trade-id": 102063025870, "ts": 1575618808967, "id": 10335627748458904140665, "price": 7359.8, "direction": "buy"}, {"amount": 0.10647, "trade-id": 102063025869, "ts": 1575618808967, "id": 10335627748458904140495, "price": 7359.8, "direction": "buy"}, {"amount": 0.09353, "trade-id": 102063025868, "ts": 1575618808956, "id": 10335627748358904140495, "price": 7359.8, "direction": "buy"}, {"amount": 0.18547, "trade-id": 102063025867, "ts": 1575618808956, "id": 10335627748358904141884, "price": 7359.71, "direction": "buy"}, {"amount": 0.001, "trade-id": 102063025866, "ts": 1575618808953, "id": 10335627748258904141884, "price": 7359.71, "direction": "buy"}, {"amount": 0.001, "trade-id": 102063025865, "ts": 1575618808952, "id": 10335627748158904141884, "price": 7359.71, "direction": "buy"}, {"amount": 0.01243, "trade-id": 102063025864, "ts": 1575618808915, "id": 10335627747858904141884, "price": 7359.71, "direction": "buy"}, {"amount": 0.16, "trade-id": 102063025863, "ts": 1575618808816, "id": 10335627745458904141718, "price": 7359.67, "direction": "buy"}, {"amount": 0.32, "trade-id": 102063025862, "ts": 1575618808763, "id": 10335627744058904141663, "price": 7359.68, "direction": "buy"}, {"amount": 0.126, "trade-id": 102063025861, "ts": 1575618808744, "id": 10335627743558904141312, "price": 7359.71, "direction": "buy"}, {"amount": 0.1, "trade-id": 102063025860, "ts": 1575618808744, "id": 10335627743558904140960, "price": 7359.71, "direction": "buy"}, {"amount": 0.32, "trade-id": 102063025859, "ts": 1575618808652, "id": 10335627742258904141346, "price": 7359.64, "direction": "buy"}, {"amount": 0.36, "trade-id": 102063025858, "ts": 1575618808639, "id": 10335627742158904141346, "price": 7359.64, "direction": "buy"}, {"amount": 0.067426, "trade-id": 102063025857, "ts": 1575618808027, "id": 10335627729158904139879, "price": 7358.3, "direction": "sell"}, {"amount": 0.0012, "trade-id": 102063025856, "ts": 1575618808027, "id": 10335627729158900059336, "price": 7358.51, "direction": "sell"}, {"amount": 0.020174, "trade-id": 102063025855, "ts": 1575618808027, "id": 10335627729158904118788, "price": 7358.99, "direction": "sell"}, {"amount": 0.0069, "trade-id": 102063025854, "ts": 1575618808027, "id": 10335627729158900013398, "price": 7359.32, "direction": "sell"}, {"amount": 0.05, "trade-id": 102063025853, "ts": 1575618808027, "id": 10335627729158904127116, "price": 7359.44, "direction": "sell"}, {"amount": 0.0053, "trade-id": 102063025852, "ts": 1575618808027, "id": 10335627729158900013841, "price": 7359.52, "direction": "sell"}, {"amount": 0.001, "trade-id": 102063025851, "ts": 1575618807262, "id": 10335627719758904138703, "price": 7359.75, "direction": "buy"}, {"amount": 0.0009, "trade-id": 102063025850, "ts": 1575618806877, "id": 10335627706158900042988, "price": 7359.99, "direction": "sell"}, {"amount": 0.101742, "trade-id": 102063025849, "ts": 1575618806848, "id": 10335627704858904137589, "price": 7360.01, "direction": "buy"}, {"amount": 0.169858, "trade-id": 102063025848, "ts": 1575618806848, "id": 10335627704858904137583, "price": 7360.01, "direction": "buy"}, {"amount": 1.821041, "trade-id": 102063025847, "ts": 1575618806734, "id": 10335627702458904085925, "price": 7360.0, "direction": "sell"}, {"amount": 0.873661, "trade-id": 102063025846, "ts": 1575618806734, "id": 10335627702458903972110, "price": 7360.0, "direction": "sell"}, {"amount": 0.204475, "trade-id": 102063025845, "ts": 1575618806734, "id": 10335627702458903929324, "price": 7360.0, "direction": "sell"}, {"amount": 0.129952, "trade-id": 102063025844, "ts": 1575618806734, "id": 10335627702458902820862, "price": 7360.0, "direction": "sell"}, {"amount": 0.123887, "trade-id": 102063025843, "ts": 1575618806734, "id": 10335627702458902174675, "price": 7360.0, "direction": "sell"}, {"amount": 0.05, "trade-id": 102063025842, "ts": 1575618806734, "id": 10335627702458901978154, "price": 7360.0, "direction": "sell"}, {"amount": 0.006331, "trade-id": 102063025841, "ts": 1575618806734, "id": 10335627702458901804910, "price": 7360.0, "direction": "sell"}, {"amount": 0.025, "trade-id": 102063025840, "ts": 1575618806734, "id": 10335627702458901497857, "price": 7360.0, "direction": "sell"}, {"amount": 0.14592, "trade-id": 102063025839, "ts": 1575618806734, "id": 10335627702458900966603, "price": 7360.0, "direction": "sell"}, {"amount": 5.860548, "trade-id": 102063025838, "ts": 1575618806734, "id": 10335627702458900083698, "price": 7360.0, "direction": "sell"}, {"amount": 0.002717, "trade-id": 102063025837, "ts": 1575618806716, "id": 10335627701958904137583, "price": 7360.01, "direction": "buy"}, {"amount": 0.026045, "trade-id": 102063025836, "ts": 1575618806642, "id": 10335627700258904137583, "price": 7360.01, "direction": "buy"}, {"amount": 4.757107, "trade-id": 102063025835, "ts": 1575618806634, "id": 10335627699858900083698, "price": 7360.0, "direction": "sell"}, {"amount": 1.042869, "trade-id": 102063025834, "ts": 1575618806481, "id": 10335627694558900083698, "price": 7360.0, "direction": "sell"}, {"amount": 0.002161, "trade-id": 102063025833, "ts": 1575618806481, "id": 10335627694558904136479, "price": 7360.01, "direction": "sell"}, {"amount": 0.006328, "trade-id": 102063025832, "ts": 1575618806481, "id": 10335627694558904136493, "price": 7360.01, "direction": "sell"}, {"amount": 0.002, "trade-id": 102063025831, "ts": 1575618806343, "id": 10335627690158904048351, "price": 7360.45, "direction": "sell"}, {"amount": 0.227128, "trade-id": 102063025830, "ts": 1575618805619, "id": 10335627663858904061590, "price": 7360.73, "direction": "sell"}, {"amount": 0.000331, "trade-id": 102063025829, "ts": 1575618805619, "id": 10335627663858904135393, "price": 7360.74, "direction": "sell"}, {"amount": 1.353, "trade-id": 102063025828, "ts": 1575618805541, "id": 10335627660658904130660, "price": 7361.17, "direction": "sell"}, {"amount": 0.5433, "trade-id": 102063025827, "ts": 1575618805541, "id": 10335627660658904094755, "price": 7361.25, "direction": "sell"}, {"amount": 0.332579, "trade-id": 102063025826, "ts": 1575618805541, "id": 10335627660658904122756, "price": 7361.26, "direction": "sell"}